2234 4006
263 309 303 354 nn
325 298 522 356 sicnrnnnro'
541 308 761 353 reurrerrrm.
928 300 967 357 tt

96 449 174 515 Mox
187 451 398 516 Confessarius
409 453 544 533 inquirat
554 453 593 513 de
603 452 688 514 illius
699 459 780 515 statu
794 452 866 533 (nisi
879 454 970 518 aliter

56 541 148 596 notus
164 532 277 613 fuerit)
293 541 325 596 et
345 533 553 613 quampridem
568 533 609 594 sit
628 534 795 604 confessus,
811 541 842 595 et
855 555 894 597 an
912 535 970 597 im-

56 615 188 708 positam
214 614 424 696 poenitentiam
448 613 670 695 adimpleverit,
695 633 767 674 num
794 613 852 676 rite*
878 622 971 698 atque
1089 690 1092 698 Ι

55 695 176 776 integre
210 694 288 756 aliis
321 695 479 755 confessus
513 694 616 764 fuerit,
648 714 719 754 num
755 695 971 758 conscientiam

56 796 154 845 suam,
169 781 205 836 ut
225 775 325 845 debet,
340 772 422 855 prius
445 767 608 856 diligenter
629 774 816 835 discusserit.

97 854 189 931 Qudd
204 855 230 914 si
245 855 395 937 poenitens
410 855 513 933 aliqua
526 875 655 915 censura
667 855 716 915 vel
732 875 804 915 casu
818 865 972 918 reservato

56 936 98 997 sit
120 936 245 1015 ligatus,
263 937 356 1072 eiquo
378 935 443 1017 ipse
463 954 523 995 non
542 935 639 1015 possit
658 936 823 1006 absolvere,
838 956 899 997 non
919 940 971 998 ab·

56 1017 168 1085 solvat,
183 1016 242 1075 nisi
256 1015 303 1097 pri
325 1037 339 1076 s
353 1018 476 1077 obtenta
489 1017 635 1077 facultate
650 1016 669 1074 ὰ
684 1016 854 1097 Superiore.

97 1095 131 1157 Si
156 1094 229 1155 verri
258 1093 486 1167 confessarius,
508 1117 562 1178 pro
589 1115 784 1177 personarum
813 1096 971 1176 qualitate,

14 1227 16 1233 .
57 1175 236 1258 cognoverit
249 1177 446 1257 poeuitentem
457 1177 595 1257 ignorare
610 1176 790 1236 Christianae
802 1175 874 1237 fidei
887 1178 971 1236 rudi-

56 1262 180 1327 menta3
201 1256 233 1316 si.
249 1263 367 1338 tempus
388 1264 539 1337 suppetat,
554 1277 621 1316 eum
643 1257 776 1317 breviter
789 1256 920 1318 instruat
933 1258 972 1319 de

57 1336 199 1398 articulis
228 1336 325 1406 Fidei,
351 1344 383 1398 et
406 1338 474 1399 aliis
499 1339 537 1397 ad
565 1338 693 1397 salutem
719 1336 840 1413 cognitu
865 1358 971 1399 neces-

57 1416 158 1486 sariis,
174 1423 206 1476 et
224 1417 424 1497 ignorantiam
447 1416 512 1497 ejus
534 1417 687 1499 corripiat,
701 1417 849 1497 illumque
868 1418 971 1478 admo-

56 1506 131 1558 ueat
144 1503 181 1557 ut
194 1517 238 1557 -ea
251 1496 439 1578 postmodhm
458 1494 632 1579 diligentiis
653 1498 801 1560 addiscat.

99 1574 181 1636 Tum
201 1577 353 1669 poenitens
368 1579 587 1640 confessionem
607 1579 777 1659 generalem
797 1578 909 1641 Latina
921 1579 973 1639 vel

58 1657 178 1738 vulgari
189 1658 293 1738 lingua
304 1658 405 1730 dicat3
427 1659 555 1730 scilicet,
568 1660 726 1738 Confiteor,
737 1668 789 1719 etc.
799 1660 849 1719 vel
864 1660 972 1728 saltem
986 1722 1003 1733 ‚.

58 1746 163 1798 utatur
183 1737 230 1797 his
251 1738 369 1799 verbis:
396 1740 544 1819 Confiteor
565 1738 629 1797 Deo
651 1739 848 1818 omnipotenti,
871 1746 898 1796 et
919 1738 975 1798 tihi

56 1819 162 1877 Pater.
203 1818 335 1881 Peccata
362 1840 416 1880 sua
443 1820 552 1880 exinde
580 1817 770 1886 confiteatur,
797 1818 972 1895 adjuvante,

55 1898 311 1979 quotiescumque
331 1920 406 1979 opus
424 1900 528 1969 fuerit,
544 1899 724 1958 Sacerdote:
749 1896 802 1975 qui
825 1893 972 1957 confiten-

56 1990 119 2039 tem
143 1998 205 2039 non
227 1980 438 2060 reprehendet,
458 1979 517 2038 nisi
538 1977 636 2047 linita,
655 1984 688 2037 ut
709 1977 838 2047 dicetur,
854 1977 973 2037 confes·

58 2059 162 2129 sione3
191 2079 289 2138 neque
314 2059 531 2141 interpellabit,
555 2057 614 2118 nisi
639 2078 713 2138 opus
739 2057 832 2118 fuerit
856 2057 972 2138 aliquid

57 2137 168 2199 melitis
194 2139 384 2220 intelligere:
410 2140 536 2221 proinde
556 2137 702 2198 fiduciam
725 2139 753 2198 ei
777 2140 917 2220 praebeat,
941 2147 973 2200 et

56 2219 230 2280 humaniter
253 2228 394 2302 suggerat
408 2228 442 2281 ut
463 2220 562 2280 omnia
581 2224 707 2301 peccata
725 2240 780 2280 sua
801 2219 858 2280 rite
873 2225 904 2280 et
925 2219 973 2280 in-

59 2300 144 2382 tegre
159 2293 353 2371 confiteatur,
367 2308 483 2361 remota
500 2301 594 2361 stulta
607 2300 662 2360 illa
675 2301 873 2380 quorumdam
887 2320 973 2361 vere·

57 2379 182 2450 cundia,
198 2401 259 2460 qua
271 2382 440 2462 prepediti,
456 2382 602 2442 suadente
617 2381 747 2450 diabolo,
761 2385 888 2462 peccata
902 2400 974 2440 con·

61 2460 140 2521 fiteri
155 2480 216 2520 non
233 2463 357 2523 audent.
420 2504 423 2509 -

98 2541 131 2601 Si
149 2541 302 2622 poenitens
316 2562 485 2612 numerum,
498 2548 529 2603 et
542 2541 670 2623 species,
686 2546 718 2601 et
732 2540 979 2601 circumstantias

63 2629 253 2702 peccatorum
285 2622 438 2704 explicatu
472 2621 658 2683 necessarias
685 2640 746 2680 non
780 2620 974 2699 expresserit,

65 2722 130 2762 eum
153 2703 302 2763 Sacerdos
324 2703 490 2784 prudenter
511 2703 687 2794 interroget.

101 2782 163 2843 Sed
178 2789 285 2844 caveat
298 2803 337 2844 ne
351 2783 477 2844 curiosis
492 2791 545 2844 aut
560 2781 717 2842 inutilibus
732 2779 974 2860 interrogationi·

10 2930 12 2939 y
68 2863 117 2922 bus
131 2881 314 2942 quemquam
329 2864 475 2933 detineat,
486 2861 653 2943 praesertim
664 2859 801 2940 juniores
816 2860 974 2941 utriusque

10 2998 18 3007 ,
71 2960 163 3012 sexus,
185 2944 235 3004 vel
260 2944 347 3014 alios,
368 2945 408 3006 de
431 2965 466 3005 eo
491 2943 572 3022 quod
596 2943 746 3022 ignorant,
768 2939 975 3021 imprudenter

10 3065 23 3103 ὃ
73 3019 263 3158 ipterrogans,
277 3042 317 3084 ne
331 3024 507 3087 scandalum
526 3022 688 3105 patiantur,
702 3020 835 3100 indeque
848 3042 975 3103 peccare
1014 3022 1022 3031 '

61 3108 64 3116 '
92 3100 192 3164 iscant.

10 3215 29 3260 ῃ
107 3183 241 3255 nemim,
263 3184 367 3246 audite
397 3183 596 3254 confessione,
620 3182 811 3263 perpendens
835 3189 976 3263 peccato·

82 3276 142 3332 rum,
151 3285 218 3344 quae
232 3264 287 3326 ille
299 3265 431 3336 admisit,
442 3263 679 3346 magnitudinem
691 3284 726 3322 ac
738 3261 974 3333 multitudinem,

10 3370 30 3416 ει
85 3354 125 3414 pru
135 3363 236 3405 eorum
248 3347 408 3426 gravitate,
422 3366 457 3408 ac
478 3344 654 3427 poenitentis
669 3343 852 3412 conditione,
867 3364 974 3424 oppor-

10 3453 29 3496 1⁵
86 3420 156 3484 huss
182 3426 387 3507 correptiones
414 3447 449 3487 ac
476 3425 667 3494 monitiones,
692 3429 782 3504 prout
807 3443 882 3503 opus
909 3442 976 3483 esse

84 3492 186 3578 fiderit,
199 3513 328 3589 paterna
348 3506 494 3570 charitate
508 3505 671 3573 adhibebit,
685 3510 717 3566 et
736 3503 776 3565 ad
796 3503 929 3564 dolorem
945 3510 976 3562 et
