<?xml version="1.0" encoding="UTF-8"?>
<!DOCTYPE html PUBLIC "-//W3C//DTD XHTML 1.0 Transitional//EN"
    "http://www.w3.org/TR/xhtml1/DTD/xhtml1-transitional.dtd">
<html xmlns="http://www.w3.org/1999/xhtml" xml:lang="en" lang="en">
 <head>
  <title>
</title>
<meta http-equiv="Content-Type" content="text/html;charset=utf-8" />
  <meta name='ocr-system' content='tesseract 3.04.00' />
  <meta name='ocr-capabilities' content='ocr_page ocr_carea ocr_par ocr_line ocrx_word'/>
</head>
<body>
  <div class='ocr_page' id='page_1' title='image "./compendiumritua00mdgoog_0184.png"; bbox 0 0 2234 4006; ppageno 0'>
   <div class='ocr_carea' id='block_1_1' title="bbox 261 286 968 361">
    <p class='ocr_par' dir='ltr' id='par_1_1' title="bbox 261 286 968 361">
     <span class='ocr_line' id='line_1_1' title="bbox 261 286 968 361; baseline -0.006 -12"><span class='ocrx_word' id='word_1_1' title='bbox 261 340 275 361; x_wconf 68' lang='lat'><em>„</em></span> <span class='ocrx_word' id='word_1_2' title='bbox 336 286 409 348; x_wconf 55' lang='lat' dir='ltr'><strong>dos</strong></span> <span class='ocrx_word' id='word_1_3' title='bbox 431 307 694 350; x_wconf 74' lang='lat' dir='ltr'><strong>rsocasuroumus.</strong></span> <span class='ocrx_word' id='word_1_4' title='bbox 812 327 815 332; x_wconf 95' lang='lat'>-</span> <span class='ocrx_word' id='word_1_5' title='bbox 911 292 968 350; x_wconf 80' lang='lat'><strong>171</strong></span> 
     </span>
    </p>
   </div>
   <div class='ocr_carea' id='block_1_2' title="bbox 457 482 579 529">
    <p class='ocr_par' dir='ltr' id='par_1_2' title="bbox 457 482 579 529">
     <span class='ocr_line' id='line_1_2' title="bbox 457 482 579 529; baseline 0.008 -1"><span class='ocrx_word' id='word_1_6' title='bbox 457 482 579 529; x_wconf 66' lang='lat' dir='ltr'><strong>OMYIO&#39;·</strong></span> 
     </span>
    </p>
   </div>
   <div class='ocr_carea' id='block_1_3' title="bbox 71 591 974 708">
    <p class='ocr_par' dir='ltr' id='par_1_3' title="bbox 71 591 974 708">
     <span class='ocr_line' id='line_1_3' title="bbox 71 591 974 708; baseline 0 -30"><span class='ocrx_word' id='word_1_7' title='bbox 71 591 72 594; x_wconf 8' lang='grc' dir='ltr'><strong>Ἴ</strong></span> <span class='ocrx_word' id='word_1_8' title='bbox 129 618 209 678; x_wconf 83' lang='lat' dir='ltr'><strong>EUS</strong></span> <span class='ocrx_word' id='word_1_9' title='bbox 237 604 388 700; x_wconf 82' lang='lat' dir='ltr'><strong>refugium</strong></span> <span class='ocrx_word' id='word_1_10' title='bbox 416 631 553 680; x_wconf 87' lang='lat' dir='ltr'><strong>nostrum</strong></span> <span class='ocrx_word' id='word_1_11' title='bbox 581 625 613 708; x_wconf 78' lang='lat' dir='ltr'><strong>et</strong></span> <span class='ocrx_word' id='word_1_12' title='bbox 639 619 755 681; x_wconf 84' lang='lat' dir='ltr'><strong>virtus:</strong></span> <span class='ocrx_word' id='word_1_13' title='bbox 784 619 889 688; x_wconf 83' lang='lat' dir='ltr'><strong>adesto</strong></span> <span class='ocrx_word' id='word_1_14' title='bbox 915 617 974 699; x_wconf 86' lang='lat' dir='ltr'><strong>piis</strong></span> 
     </span>
    </p>
   </div>
   <div class='ocr_carea' id='block_1_4' title="bbox 149 724 978 817">
    <p class='ocr_par' dir='ltr' id='par_1_4' title="bbox 149 724 1087 817">
     <span class='ocr_line' id='line_1_4' title="bbox 149 724 978 817; baseline 0 -31"><span class='ocrx_word' id='word_1_15' title='bbox 149 725 384 787; x_wconf 76' lang='lat' dir='ltr'><strong>Ecclesiaetoae</strong></span> <span class='ocrx_word' id='word_1_16' title='bbox 409 725 549 817; x_wconf 88' lang='lat' dir='ltr'><strong>precibus</strong></span> <span class='ocrx_word' id='word_1_17' title='bbox 575 731 682 786; x_wconf 85' lang='lat' dir='ltr'><strong>auctor</strong></span> <span class='ocrx_word' id='word_1_18' title='bbox 705 725 771 806; x_wconf 87' lang='lat' dir='ltr'><strong>ipse</strong></span> <span class='ocrx_word' id='word_1_19' title='bbox 792 724 926 808; x_wconf 80' lang='lat' dir='ltr'><strong>pictatis,</strong></span> <span class='ocrx_word' id='word_1_20' title='bbox 945 732 978 785; x_wconf 80' lang='lat' dir='ltr'><strong>st</strong></span> 
     </span>
    </p>
   </div>
   <div class='ocr_carea' id='block_1_5' title="bbox 52 822 975 1016">
    <p class='ocr_par' dir='ltr' id='par_1_5' title="bbox 52 806 1087 1016">
     <span class='ocr_line' id='line_1_5' title="bbox 52 822 975 921; baseline 0.001 -30"><span class='ocrx_word' id='word_1_21' title='bbox 52 838 185 913; x_wconf 84' lang='lat' dir='ltr'><strong>praesta:</strong></span> <span class='ocrx_word' id='word_1_22' title='bbox 208 838 242 891; x_wconf 92' lang='lat' dir='ltr'><strong>ot</strong></span> <span class='ocrx_word' id='word_1_23' title='bbox 261 831 343 921; x_wconf 83' lang='lat' dir='ltr'><strong>quod</strong></span> <span class='ocrx_word' id='word_1_24' title='bbox 365 822 502 893; x_wconf 72' lang='lat' dir='ltr'><strong>fideliter</strong></span> <span class='ocrx_word' id='word_1_25' title='bbox 520 832 662 914; x_wconf 85' lang='lat' dir='ltr'><strong>petimus,</strong></span> <span class='ocrx_word' id='word_1_26' title='bbox 682 831 847 894; x_wconf 87' lang='lat' dir='ltr'><strong>efficaciter</strong></span> <span class='ocrx_word' id='word_1_27' title='bbox 868 834 975 893; x_wconf 85' lang='lat' dir='ltr'><strong>conse-</strong></span> 
     </span>
     <span class='ocr_line' id='line_1_6' title="bbox 53 937 974 1016; baseline -0.003 -18"><span class='ocrx_word' id='word_1_28' title='bbox 53 957 194 1016; x_wconf 86' lang='lat' dir='ltr'><strong>quamur.</strong></span> <span class='ocrx_word' id='word_1_29' title='bbox 222 939 282 998; x_wconf 88' lang='lat' dir='ltr'><strong>Per</strong></span> <span class='ocrx_word' id='word_1_30' title='bbox 293 938 456 999; x_wconf 91' lang='lat' dir='ltr'><strong>Dominum</strong></span> <span class='ocrx_word' id='word_1_31' title='bbox 468 944 606 999; x_wconf 88' lang='lat' dir='ltr'><strong>nostrum</strong></span> <span class='ocrx_word' id='word_1_32' title='bbox 617 939 722 999; x_wconf 89' lang='lat' dir='ltr'><strong>Jesum</strong></span> <span class='ocrx_word' id='word_1_33' title='bbox 735 937 902 1009; x_wconf 85' lang='lat' dir='ltr'><strong>Christum,</strong></span> <span class='ocrx_word' id='word_1_34' title='bbox 915 943 974 998; x_wconf 86' lang='lat' dir='ltr'><strong>etc.</strong></span> 
     </span>
    </p>
   </div>
   <div class='ocr_carea' id='block_1_6' title="bbox 56 1157 979 1200">
    <p class='ocr_par' dir='ltr' id='par_1_6' title="bbox 56 1157 979 1200">
     <span class='ocr_line' id='line_1_7' title="bbox 56 1157 979 1200; baseline -0.002 -1"><span class='ocrx_word' id='word_1_35' title='bbox 56 1159 166 1199; x_wconf 79' lang='lat' dir='ltr'>PRECES</span> <span class='ocrx_word' id='word_1_36' title='bbox 179 1159 316 1200; x_wconf 79' lang='lat' dir='ltr'><strong>DIGENDAE</strong></span> <span class='ocrx_word' id='word_1_37' title='bbox 332 1158 364 1198; x_wconf 88' lang='lat' dir='ltr'><strong>IN</strong></span> <span class='ocrx_word' id='word_1_38' title='bbox 378 1158 574 1200; x_wconf 68' lang='lat' dir='ltr'><strong>mocassloms</strong></span> <span class='ocrx_word' id='word_1_39' title='bbox 591 1158 646 1199; x_wconf 85' lang='lat' dir='ltr'><strong>PRO</strong></span> <span class='ocrx_word' id='word_1_40' title='bbox 658 1157 831 1199; x_wconf 84' lang='lat' dir='ltr'>GRATIARUM</span> <span class='ocrx_word' id='word_1_41' title='bbox 843 1158 979 1198; x_wconf 79' lang='lat' dir='ltr'><strong>ACTIONE.</strong></span> 
     </span>
    </p>
   </div>
   <div class='ocr_carea' id='block_1_7' title="bbox 97 1280 746 1372">
    <p class='ocr_par' dir='ltr' id='par_1_7' title="bbox 97 1280 746 1372">
     <span class='ocr_line' id='line_1_8' title="bbox 97 1280 746 1372; baseline -0.003 -22"><span class='ocrx_word' id='word_1_42' title='bbox 97 1291 192 1351; x_wconf 78' lang='lat' dir='ltr'><strong>Initio</strong></span> <span class='ocrx_word' id='word_1_43' title='bbox 208 1280 413 1351; x_wconf 79' lang='lat' dir='ltr'><strong>Processionia·</strong></span> <span class='ocrx_word' id='word_1_44' title='bbox 431 1293 572 1350; x_wconf 83' lang='lat' dir='ltr'><strong>cantator</strong></span> <span class='ocrx_word' id='word_1_45' title='bbox 586 1289 746 1372; x_wconf 76' lang='lat' dir='ltr'><strong>Hymnuse</strong></span> 
     </span>
    </p>
   </div>
   <div class='ocr_carea' id='block_1_8' title="bbox 25 1395 1037 3608">
    <p class='ocr_par' dir='ltr' id='par_1_8' title="bbox 36 1395 983 1505">
     <span class='ocr_line' id='line_1_9' title="bbox 36 1395 983 1505; baseline -0.002 -27"><span class='ocrx_word' id='word_1_46' title='bbox 36 1406 52 1472; x_wconf 63' lang='lat'><strong>.&#39;</strong></span> <span class='ocrx_word' id='word_1_47' title='bbox 128 1420 154 1478; x_wconf 85' lang='lat' dir='ltr'><strong>E</strong></span> <span class='ocrx_word' id='word_1_48' title='bbox 188 1419 290 1491; x_wconf 86' lang='lat' dir='ltr'><strong>Deum</strong></span> <span class='ocrx_word' id='word_1_49' title='bbox 323 1418 499 1478; x_wconf 76' lang='lat' dir='ltr'><strong>laudamusz</strong></span> <span class='ocrx_word' id='word_1_50' title='bbox 533 1424 564 1478; x_wconf 88' lang='lat' dir='ltr'><strong>te</strong></span> <span class='ocrx_word' id='word_1_51' title='bbox 595 1416 764 1476; x_wconf 78' lang='lat' dir='ltr'><strong>&#39;Dominum</strong></span> <span class='ocrx_word' id='word_1_52' title='bbox 788 1395 983 1505; x_wconf 75' lang='lat' dir='ltr'><strong>confitemur.</strong></span> 
     </span>
    </p>

    <p class='ocr_par' dir='ltr' id='par_1_9' title="bbox 170 1522 1037 1602">
     <span class='ocr_line' id='line_1_10' title="bbox 170 1522 1037 1602; baseline -0.013 -13"><span class='ocrx_word' id='word_1_53' title='bbox 170 1524 218 1589; x_wconf 84' lang='lat' dir='ltr'><strong>Te</strong></span> <span class='ocrx_word' id='word_1_54' title='bbox 243 1530 388 1596; x_wconf 81' lang='lat' dir='ltr'><strong>aeternum</strong></span> <span class='ocrx_word' id='word_1_55' title='bbox 414 1524 568 1584; x_wconf 76' lang='lat' dir='ltr'><strong>Patremr·</strong></span> <span class='ocrx_word' id='word_1_56' title='bbox 585 1522 682 1602; x_wconf 81' lang='lat' dir='ltr'><strong>pmnis</strong></span> <span class='ocrx_word' id='word_1_57' title='bbox 708 1529 790 1583; x_wconf 88' lang='lat' dir='ltr'><strong>terra</strong></span> <span class='ocrx_word' id='word_1_58' title='bbox 810 1528 984 1583; x_wconf 81' lang='lat' dir='ltr'><strong>veneratur.</strong></span> <span class='ocrx_word' id='word_1_59' title='bbox 1033 1573 1037 1578; x_wconf 90' lang='lat'>.</span> 
     </span>
    </p>

    <p class='ocr_par' dir='ltr' id='par_1_10' title="bbox 100 1620 983 1711">
     <span class='ocr_line' id='line_1_11' title="bbox 100 1620 983 1711; baseline -0.008 -22"><span class='ocrx_word' id='word_1_60' title='bbox 100 1629 175 1690; x_wconf 88' lang='lat' dir='ltr'><strong>Tibi</strong></span> <span class='ocrx_word' id='word_1_61' title='bbox 184 1649 287 1701; x_wconf 87' lang='lat' dir='ltr'><strong>omues</strong></span> <span class='ocrx_word' id='word_1_62' title='bbox 298 1628 426 1710; x_wconf 85' lang='lat' dir='ltr'><strong>Angeli:</strong></span> <span class='ocrx_word' id='word_1_63' title='bbox 448 1620 983 1711; x_wconf 60' lang='lat' dir='ltr'><strong>tihicreli,etoniversaepotestates,</strong></span> 
     </span>
    </p>

    <p class='ocr_par' dir='ltr' id='par_1_11' title="bbox 62 1722 984 1902">
     <span class='ocr_line' id='line_1_12' title="bbox 81 1722 984 1816; baseline -0.006 -21"><span class='ocrx_word' id='word_1_64' title='bbox 81 1761 84 1766; x_wconf 94' lang='lat'>·</span> <span class='ocrx_word' id='word_1_65' title='bbox 100 1735 173 1795; x_wconf 83' lang='lat' dir='ltr'><strong>&#39;l&#39;ibi</strong></span> <span class='ocrx_word' id='word_1_66' title='bbox 195 1722 361 1796; x_wconf 81' lang='lat' dir='ltr'>Cherubim</span> <span class='ocrx_word' id='word_1_67' title='bbox 375 1739 407 1797; x_wconf 89' lang='lat' dir='ltr'><strong>et</strong></span> <span class='ocrx_word' id='word_1_68' title='bbox 427 1735 586 1816; x_wconf 76' lang='lat' dir='ltr'><strong>Seraphim</strong></span> <span class='ocrx_word' id='word_1_69' title='bbox 598 1755 606 1792; x_wconf 77' lang='lat' dir='ltr'><strong>r</strong></span> <span class='ocrx_word' id='word_1_70' title='bbox 617 1733 895 1810; x_wconf 66' lang='lat' dir='ltr'><strong>&#39;incessabiliyoce</strong></span> <span class='ocrx_word' id='word_1_71' title='bbox 915 1744 984 1812; x_wconf 89' lang='lat' dir='ltr'><strong>pro-</strong></span> 
     </span>
     <span class='ocr_line' id='line_1_13' title="bbox 62 1831 584 1902; baseline -0.011 0"><span class='ocrx_word' id='word_1_72' title='bbox 62 1841 215 1902; x_wconf 81' lang='lat' dir='ltr'><strong>clamant:</strong></span> <span class='ocrx_word' id='word_1_73' title='bbox 582 1831 584 1834; x_wconf 67' lang='grc'><strong>’</strong></span> 
     </span>
    </p>

    <p class='ocr_par' dir='ltr' id='par_1_12' title="bbox 51 1924 986 2129">
     <span class='ocr_line' id='line_1_14' title="bbox 51 1924 986 2024; baseline -0.006 -19"><span class='ocrx_word' id='word_1_74' title='bbox 51 1947 63 2024; x_wconf 22' lang='lat'><strong>&#39;¹</strong></span> <span class='ocrx_word' id='word_1_75' title='bbox 98 1945 246 2015; x_wconf 85' lang='lat' dir='ltr'><strong>Sanctus,</strong></span> <span class='ocrx_word' id='word_1_76' title='bbox 257 1945 401 2016; x_wconf 80' lang='lat' dir='ltr'><strong>Sanctus,</strong></span> <span class='ocrx_word' id='word_1_77' title='bbox 414 1924 564 2006; x_wconf 83' lang='lat' dir='ltr'><strong>Sahctus:</strong></span> <span class='ocrx_word' id='word_1_78' title='bbox 587 1936 832 2013; x_wconf 84' lang='lat' dir='ltr'><strong>DominusDeos</strong></span> <span class='ocrx_word' id='word_1_79' title='bbox 844 1941 986 2002; x_wconf 77' lang='lat' dir='ltr'><strong>Sabaoth.</strong></span> 
     </span>
     <span class='ocr_line' id='line_1_15' title="bbox 102 2038 924 2129; baseline -0.006 -19"><span class='ocrx_word' id='word_1_80' title='bbox 102 2050 195 2110; x_wconf 92' lang='lat' dir='ltr'><strong>Pleni</strong></span> <span class='ocrx_word' id='word_1_81' title='bbox 210 2057 283 2111; x_wconf 89' lang='lat' dir='ltr'><strong>suot</strong></span> <span class='ocrx_word' id='word_1_82' title='bbox 296 2038 368 2111; x_wconf 77' lang='lat' dir='ltr'><strong>coeli</strong></span> <span class='ocrx_word' id='word_1_83' title='bbox 383 2057 414 2112; x_wconf 88' lang='lat' dir='ltr'><strong>et</strong></span> <span class='ocrx_word' id='word_1_84' title='bbox 428 2057 510 2111; x_wconf 87' lang='lat' dir='ltr'><strong>terra</strong></span> <span class='ocrx_word' id='word_1_85' title='bbox 520 2070 532 2108; x_wconf 50' lang='lat'><strong>:¹</strong></span> <span class='ocrx_word' id='word_1_86' title='bbox 551 2047 720 2128; x_wconf 80' lang='lat' dir='ltr'><strong>majestatis</strong></span> <span class='ocrx_word' id='word_1_87' title='bbox 734 2047 838 2129; x_wconf 81' lang='lat' dir='ltr'><strong>gloriae</strong></span> <span class='ocrx_word' id='word_1_88' title='bbox 853 2054 924 2109; x_wconf 71' lang='lat' dir='ltr'><strong>tuae·</strong></span> 
     </span>
    </p>

    <p class='ocr_par' dir='ltr' id='par_1_13' title="bbox 101 2153 841 2453">
     <span class='ocr_line' id='line_1_16' title="bbox 101 2153 686 2236; baseline -0.002 -22"><span class='ocrx_word' id='word_1_89' title='bbox 101 2156 152 2215; x_wconf 88' lang='lat' dir='ltr'><strong>Tc</strong></span> <span class='ocrx_word' id='word_1_90' title='bbox 166 2156 315 2236; x_wconf 83' lang='lat' dir='ltr'><strong>gloriosos</strong></span> <span class='ocrx_word' id='word_1_91' title='bbox 330 2157 547 2236; x_wconf 86' lang='lat' dir='ltr'><strong>Apostolorum</strong></span> <span class='ocrx_word' id='word_1_92' title='bbox 564 2153 686 2224; x_wconf 90' lang='lat' dir='ltr'><strong>chorus,</strong></span> 
     </span>
     <span class='ocr_line' id='line_1_17' title="bbox 104 2244 736 2344; baseline -0.002 -24"><span class='ocrx_word' id='word_1_93' title='bbox 104 2263 154 2322; x_wconf 87' lang='lat' dir='ltr'><strong>Te</strong></span> <span class='ocrx_word' id='word_1_94' title='bbox 169 2260 387 2343; x_wconf 85' lang='lat' dir='ltr'><strong>Prophetarum</strong></span> <span class='ocrx_word' id='word_1_95' title='bbox 403 2244 567 2344; x_wconf 88' lang='lat' dir='ltr'><strong>laudabilis</strong></span> <span class='ocrx_word' id='word_1_96' title='bbox 582 2279 736 2331; x_wconf 88' lang='lat' dir='ltr'><strong>uumerus,</strong></span> 
     </span>
     <span class='ocr_line' id='line_1_18' title="bbox 103 2365 841 2453; baseline -0.005 -26"><span class='ocrx_word' id='word_1_97' title='bbox 103 2366 343 2450; x_wconf 70' lang='lat' dir='ltr'><strong>Te&#39;Martyrum</strong></span> <span class='ocrx_word' id='word_1_98' title='bbox 359 2366 541 2453; x_wconf 81' lang='lat' dir='ltr'><strong>candidatus</strong></span> <span class='ocrx_word' id='word_1_99' title='bbox 556 2365 663 2426; x_wconf 85' lang='lat' dir='ltr'><strong>laudat</strong></span> <span class='ocrx_word' id='word_1_100' title='bbox 676 2365 841 2427; x_wconf 79' lang='lat' dir='ltr'><strong>exercitos.</strong></span> 
     </span>
    </p>

    <p class='ocr_par' dir='ltr' id='par_1_14' title="bbox 25 2470 989 2664">
     <span class='ocr_line' id='line_1_19' title="bbox 25 2470 989 2553; baseline -0.003 -20"><span class='ocrx_word' id='word_1_101' title='bbox 25 2534 29 2541; x_wconf 82' lang='grc'><strong>,</strong></span> <span class='ocrx_word' id='word_1_102' title='bbox 102 2474 155 2533; x_wconf 78' lang='lat' dir='ltr'><strong>&#39;l&#39;e</strong></span> <span class='ocrx_word' id='word_1_103' title='bbox 170 2494 224 2553; x_wconf 88' lang='lat' dir='ltr'><strong>per</strong></span> <span class='ocrx_word' id='word_1_104' title='bbox 238 2475 341 2533; x_wconf 87' lang='lat' dir='ltr'><strong>orbam</strong></span> <span class='ocrx_word' id='word_1_105' title='bbox 359 2478 521 2542; x_wconf 82' lang='lat' dir='ltr'><strong>terrarum,</strong></span> <span class='ocrx_word' id='word_1_106' title='bbox 537 2478 644 2533; x_wconf 87' lang='lat' dir='ltr'><strong>sancta</strong></span> <span class='ocrx_word' id='word_1_107' title='bbox 658 2471 823 2532; x_wconf 83' lang='lat' dir='ltr'><strong>confitetor</strong></span> <span class='ocrx_word' id='word_1_108' title='bbox 838 2470 989 2539; x_wconf 83' lang='lat' dir='ltr'><strong>Ecclesia,</strong></span> 
     </span>
     <span class='ocr_line' id='line_1_20' title="bbox 105 2560 596 2664; baseline -0.01 -23"><span class='ocrx_word' id='word_1_109' title='bbox 105 2581 230 2641; x_wconf 87' lang='lat' dir='ltr'><strong>Patrem</strong></span> <span class='ocrx_word' id='word_1_110' title='bbox 244 2560 401 2639; x_wconf 75' lang='lat' dir='ltr'><strong>immensis</strong></span> <span class='ocrx_word' id='word_1_111' title='bbox 416 2577 596 2664; x_wconf 73' lang='lat' dir='ltr'><strong>majestatis.</strong></span> 
     </span>
    </p>

    <p class='ocr_par' dir='ltr' id='par_1_15' title="bbox 72 2676 953 2981">
     <span class='ocr_line' id='line_1_21' title="bbox 72 2676 953 2761; baseline -0.01 -16"><span class='ocrx_word' id='word_1_112' title='bbox 72 2740 76 2745; x_wconf 91' lang='lat'>.</span> <span class='ocrx_word' id='word_1_113' title='bbox 106 2682 327 2761; x_wconf 68' lang='lat' dir='ltr'><strong>venerandum</strong></span> <span class='ocrx_word' id='word_1_114' title='bbox 340 2691 426 2746; x_wconf 92' lang='lat' dir='ltr'><strong>tuum</strong></span> <span class='ocrx_word' id='word_1_115' title='bbox 441 2703 558 2752; x_wconf 86' lang='lat' dir='ltr'><strong>verum,</strong></span> <span class='ocrx_word' id='word_1_116' title='bbox 574 2688 605 2741; x_wconf 90' lang='lat' dir='ltr'><strong>et</strong></span> <span class='ocrx_word' id='word_1_117' title='bbox 620 2676 743 2741; x_wconf 87' lang='lat' dir='ltr'><strong>unicum</strong></span> <span class='ocrx_word' id='word_1_118' title='bbox 759 2679 882 2739; x_wconf 80' lang='lat' dir='ltr'><strong>Filium.</strong></span> <span class='ocrx_word' id='word_1_119' title='bbox 949 2739 953 2744; x_wconf 72' lang='grc'><em>,</em></span> 
     </span>
     <span class='ocr_line' id='line_1_22' title="bbox 105 2786 769 2872; baseline -0.015 -20"><span class='ocrx_word' id='word_1_120' title='bbox 105 2793 257 2852; x_wconf 86' lang='lat' dir='ltr'><strong>Sanctum</strong></span> <span class='ocrx_word' id='word_1_121' title='bbox 271 2810 395 2872; x_wconf 85' lang='lat' dir='ltr'><strong>quoque</strong></span> <span class='ocrx_word' id='word_1_122' title='bbox 410 2787 598 2853; x_wconf 85' lang='lat' dir='ltr'><strong>Paraclitum</strong></span> <span class='ocrx_word' id='word_1_123' title='bbox 614 2786 769 2868; x_wconf 84' lang='lat' dir='ltr'><strong>Spiritum.</strong></span> 
     </span>
     <span class='ocr_line' id='line_1_23' title="bbox 108 2895 594 2981; baseline -0.01 -25"><span class='ocrx_word' id='word_1_124' title='bbox 108 2896 363 2978; x_wconf 67' lang='lat' dir='ltr'><strong>Tuchglorioej</strong></span> <span class='ocrx_word' id='word_1_125' title='bbox 380 2895 513 2956; x_wconf 87' lang='lat' dir='ltr'><strong>Christe.</strong></span> <span class='ocrx_word' id='word_1_126' title='bbox 562 2946 594 2981; x_wconf 87' lang='lat'><strong>.·</strong></span> 
     </span>
    </p>

    <p class='ocr_par' dir='ltr' id='par_1_16' title="bbox 104 2997 994 3190">
     <span class='ocr_line' id='line_1_24' title="bbox 104 2997 673 3083; baseline -0.012 -20"><span class='ocrx_word' id='word_1_127' title='bbox 104 3003 160 3063; x_wconf 81' lang='lat' dir='ltr'><strong>Tu</strong></span> <span class='ocrx_word' id='word_1_128' title='bbox 176 3001 278 3063; x_wconf 88' lang='lat' dir='ltr'><strong>Patris</strong></span> <span class='ocrx_word' id='word_1_129' title='bbox 293 3001 496 3083; x_wconf 85' lang='lat' dir='ltr'><strong>sempiternus</strong></span> <span class='ocrx_word' id='word_1_130' title='bbox 511 3020 544 3060; x_wconf 83' lang='lat' dir='ltr'><strong>es</strong></span> <span class='ocrx_word' id='word_1_131' title='bbox 562 2997 673 3058; x_wconf 74' lang='lat' dir='ltr'><strong>lilius.</strong></span> 
     </span>
     <span class='ocr_line' id='line_1_25' title="bbox 110 3095 994 3190; baseline -0.008 -22"><span class='ocrx_word' id='word_1_132' title='bbox 110 3110 164 3169; x_wconf 84' lang='lat' dir='ltr'><strong>Tu</strong></span> <span class='ocrx_word' id='word_1_133' title='bbox 178 3109 216 3170; x_wconf 93' lang='lat' dir='ltr'><strong>ad</strong></span> <span class='ocrx_word' id='word_1_134' title='bbox 240 3109 431 3173; x_wconf 80' lang='lat' dir='ltr'><strong>liberandum</strong></span> <span class='ocrx_word' id='word_1_135' title='bbox 445 3113 643 3190; x_wconf 87' lang='lat' dir='ltr'><strong>suscepturus</strong></span> <span class='ocrx_word' id='word_1_136' title='bbox 657 3095 827 3164; x_wconf 83' lang='lat' dir='ltr'><strong>hominem:</strong></span> <span class='ocrx_word' id='word_1_137' title='bbox 849 3122 911 3163; x_wconf 88' lang='lat' dir='ltr'><strong>nou</strong></span> <span class='ocrx_word' id='word_1_138' title='bbox 925 3102 994 3162; x_wconf 88' lang='lat' dir='ltr'><strong>hor·</strong></span> 
     </span>
    </p>

    <p class='ocr_par' dir='ltr' id='par_1_17' title="bbox 64 3213 861 3301">
     <span class='ocr_line' id='line_1_26' title="bbox 64 3213 861 3301; baseline -0.008 -23"><span class='ocrx_word' id='word_1_139' title='bbox 64 3214 164 3278; x_wconf 87' lang='lat' dir='ltr'><strong>ruisti</strong></span> <span class='ocrx_word' id='word_1_140' title='bbox 172 3213 315 3297; x_wconf 80' lang='lat' dir='ltr'><strong>&#39;Virginis</strong></span> <span class='ocrx_word' id='word_1_141' title='bbox 328 3221 460 3275; x_wconf 85' lang='lat' dir='ltr'><strong>uterum.</strong></span> <span class='ocrx_word' id='word_1_142' title='bbox 856 3293 861 3301; x_wconf 83' lang='lat'><strong><em>.</em></strong></span> 
     </span>
    </p>

    <p class='ocr_par' dir='ltr' id='par_1_18' title="bbox 90 3304 995 3400">
     <span class='ocr_line' id='line_1_27' title="bbox 90 3304 995 3400; baseline -0.009 -20"><span class='ocrx_word' id='word_1_143' title='bbox 90 3309 164 3380; x_wconf 59' lang='lat' dir='ltr'><strong>&#39;Tu</strong></span> <span class='ocrx_word' id='word_1_144' title='bbox 192 3320 315 3382; x_wconf 86' lang='lat' dir='ltr'><strong>devicto</strong></span> <span class='ocrx_word' id='word_1_145' title='bbox 343 3318 448 3381; x_wconf 85' lang='lat' dir='ltr'><strong>mortis</strong></span> <span class='ocrx_word' id='word_1_146' title='bbox 471 3319 598 3381; x_wconf 80' lang='lat' dir='ltr'><strong>aculeo:</strong></span> <span class='ocrx_word' id='word_1_147' title='bbox 626 3315 773 3400; x_wconf 81' lang='lat' dir='ltr'><strong>aperuisti</strong></span> <span class='ocrx_word' id='word_1_148' title='bbox 801 3304 995 3397; x_wconf 81' lang='lat' dir='ltr'><strong>credentibus</strong></span> 
     </span>
    </p>

    <p class='ocr_par' dir='ltr' id='par_1_19' title="bbox 65 3410 987 3608">
     <span class='ocr_line' id='line_1_28' title="bbox 65 3410 961 3508; baseline -0.006 -19"><span class='ocrx_word' id='word_1_149' title='bbox 65 3445 171 3508; x_wconf 81' lang='lat' dir='ltr'><strong>regua</strong></span> <span class='ocrx_word' id='word_1_150' title='bbox 191 3426 357 3500; x_wconf 83' lang='lat' dir='ltr'><strong>coelorum.&#39;</strong></span> <span class='ocrx_word' id='word_1_151' title='bbox 400 3449 418 3496; x_wconf 59' lang='grc' dir='ltr'>η</span> <span class='ocrx_word' id='word_1_152' title='bbox 954 3410 961 3484; x_wconf 63' lang='lat' dir='ltr'>f</span> 
     </span>
     <span class='ocr_line' id='line_1_29' title="bbox 110 3521 987 3608; baseline -0.015 -16"><span class='ocrx_word' id='word_1_153' title='bbox 110 3531 167 3592; x_wconf 78' lang='lat' dir='ltr'><strong>Tu</strong></span> <span class='ocrx_word' id='word_1_154' title='bbox 179 3530 220 3594; x_wconf 84' lang='lat' dir='ltr'><strong>ad</strong></span> <span class='ocrx_word' id='word_1_155' title='bbox 235 3532 392 3595; x_wconf 76' lang='lat' dir='ltr'><strong>dexteram</strong></span> <span class='ocrx_word' id='word_1_156' title='bbox 407 3529 465 3593; x_wconf 75' lang='lat' dir='ltr'><strong>oei</strong></span> <span class='ocrx_word' id='word_1_157' title='bbox 478 3528 588 3591; x_wconf 67' lang='lat' dir='ltr'><strong>eaden</strong></span> <span class='ocrx_word' id='word_1_158' title='bbox 609 3527 641 3588; x_wconf 91' lang='lat' dir='ltr'><strong>iu</strong></span> <span class='ocrx_word' id='word_1_159' title='bbox 655 3523 752 3608; x_wconf 78' lang='lat' dir='ltr'><strong>gloria</strong></span> <span class='ocrx_word' id='word_1_160' title='bbox 765 3521 877 3585; x_wconf 85' lang='lat' dir='ltr'><strong>Patris.</strong></span> <span class='ocrx_word' id='word_1_161' title='bbox 974 3575 987 3599; x_wconf 14' lang='grc' dir='ltr'><strong>ἱ,</strong></span> 
     </span>
    </p>
   </div>
   <div class='ocr_carea' id='block_1_9' title="bbox 0 0 1126 4006">
    <p class='ocr_par' dir='ltr' id='par_1_20' title="bbox 0 0 1126 4006">
     <span class='ocr_line' id='line_1_30' title="bbox 0 0 1126 4006; baseline 0 0"><span class='ocrx_word' id='word_1_162' title='bbox 0 0 1126 4006; x_wconf 95' lang='lat' dir='ltr'><strong> </strong></span> 
     </span>
    </p>
   </div>
  </div>
 </body>
</html>
