2206 4004
230 277 270 319 nn
292 254 488 323 sicmnnuro
509 255 746 320 suessonum*
896 267 937 325 43

50 439 79 481 ne
96 417 278 480 sacramenti
297 416 417 510 species⁵
430 415 469 477 de
483 437 534 478 ore
548 416 709 480 decidant:
731 417 797 489 sed,
811 438 872 498 qua
884 440 939 502 per

52 505 86 560 est
101 499 270 569 devotione,
287 497 504 579 aliquantisper
524 497 556 557 in
577 497 711 571 oratione
732 508 939 579 permaneant,

53 579 141 660 gratias
162 586 287 661 agentes
308 578 373 638 Deo
387 578 427 638 de
440 584 502 638 tom
516 576 661 659 singulari
674 579 832 651 beneficio,
847 588 939 661 atque

54 660 122 720 etium
149 661 188 720 de
216 654 406 720 sanctissima
432 657 571 739 passione
597 658 767 730 Dominica,
794 660 826 721 in
852 663 939 742 cujus

54 741 204 801 memoriale
224 740 281 800 hoc
295 737 471 878 mpsterium
487 738 655 811 celebratur
669 746 700 801 et
722 741 860 801 sumitur.

80 820 186 881 Curare
207 819 296 902 porro
340 821 418 888 ebet,
432 825 467 879 ut
486 818 631 900 perpetud
645 820 762 900 aliquot
781 821 939 900 particulae

54 908 217 962 consecratae
229 921 264 961 eo
278 920 413 969 numero,
424 899 477 978 qui
491 900 559 958 usui
573 897 757 960 infirmorum
769 907 801 961 et
814 901 940 961 aliorum

53 977 167 1040 fidelium
188 979 391 1041 communioni
412 979 484 1039 satis
505 998 572 1040 esse
595 980 701 1060 possit,
723 988 940 1042 conserventur

52 1058 189 1142 iupyxide
203 1081 242 1122 ex
257 1058 355 1120 solida
368 1059 550 1139 decentique
561 1060 697 1131 materia,
708 1080 803 1141 eaque
816 1062 939 1133 munda,

53 1148 74 1200 ot
92 1161 141 1201 suo
162 1141 305 1223 operculo
326 1139 402 1201 bend
416 1140 541 1224 ‘clausa
559 1141 630 1201 ¹elbo
648 1141 716 1200 velo
737 1161 791 1203 coo
830 1147 886 1212 rta,
909 1150 943 1204 et
959 1152 962 1160 '

52 1220 178 1299 quantbm
202 1241 251 1282 res
272 1220 361 1290 feret,
386 1226 490 1287 ornato
510 1220 543 1280 in
563 1220 757 1282 tabernaculo
781 1240 798 1283 c
829 1242 867 1282 ve
888 1224 939 1282 ob-

54 1308 146 1363 serato.

79 1382 141 1442 Hoc
150 1388 252 1442 antem
264 1380 489 1441 tabernaculum
499 1400 631 1461 conopeo
640 1380 786 1443 decenter
792 1387 939 1475 opertum,

50 1466 127 1542 atque
140 1465 178 1522 ab
191 1461 273 1522 omni
287 1460 392 1521 aliare
406 1460 590 1531 vacuum,*in
606 1460 706 1522 Alteri
720 1461 836 1542 majon,
845 1462 893 1524 vel
908 1463 941 1524 in

51 1541 106 1613 alio,
117 1543 199 1622 quod
213 1540 400 1601 venerationi
414 1547 445 1600 et
459 1541 556 1602 cultui
570 1540 645 1602 tanti
660 1542 846 1603 sacramenti
861 1563 941 1603 com-

25 1692 28 1697 ·
50 1623 153 1682 nodius
175 1643 210 1683 ac
231 1621 388 1681 decentius
402 1620 550 1691 videatur,
566 1622 606 1683 sit
628 1622 825 1694 collocatum3
845 1622 888 1683 ita
908 1629 943 1684 nt
1001 1624 1005 1631 ’

49 1703 153 1763 nullum
181 1701 249 1767 aliis
277 1701 371 1761 sacris
398 1700 613 1772 functionibus
638 1709 691 1764 aut
716 1702 943 1763 Ecclesiasticis

49 1782 140 1843 officiis
155 1783 195 1842 im
219 1782 403 1843 edimentum
418 1781 568 1842 afferatur.
608 1783 777 1862 Lampades
794 1801 893 1841 coram
907 1801 943 1841 eo

48 1863 148 1940 plures,
162 1805 217 1923 vel
233 1863 339 1923 saltem
355 1882 425 1932 una,
441 1862 491 1921 diu
513 1867 666 1939 noctuque
686 1860 831 1941 perpetud
847 1860 942 1920 collu-

49 1950 122 2014 ceat3
142 1942 320 2022 curabitque
334 1942 486 2002 Parochus
500 1947 536 2001 ut
556 1941 655 2000 omnia
668 1941 706 2000 ad
726 1941 821 2020 ipsius
836 1941 942 2001 Sacra·

48 2024 130 2084 nenti
153 2024 273 2084 cultum
297 2023 444 2092 ordinate,
470 2021 598 2102 integra,
623 2020 794 2101 mundaque
819 2021 891 2093 sint,
912 2028 944 2083 et

49 2110 265 2165 conserventur.

79 2181 280 2245 Sanctissimae
290 2181 487 2242 Eucharistiae
498 2178 660 2261 particulas
671 2182 846 2262 frequenter
856 2202 943 2243 reno·

48 2264 126 2325 rabit.
170 2263 289 2325 Hostiae
302 2263 387 2332 verd,
402 2282 454 2321 seu
473 2260 629 2342 particulae
650 2263 862 2324 consecrandae
882 2265 944 2324 sint

50 2351 186 2415 recentes,
202 2351 234 2404 et
249 2343 300 2403 ubi
321 2363 371 2403 eas
386 2343 618 2424 consecraverit,
632 2349 750 2404 veteres
770 2343 867 2424 primd
881 2344 943 2404 dis-

49 2425 161 2496 tribuat,
177 2425 228 2484 vel
246 2429 354 2484 sumat.
477 2487 480 2493 ,
785 2458 787 2463 ,

79 2506 199 2566 Fideles
227 2523 330 2564 omnes
354 2503 393 2562 ad
421 2522 536 2562 sacram
563 2502 811 2564 communionem
835 2503 970 2564 admit·.

49 2585 123 2646 tondi
144 2591 228 2654 sunt,
243 2583 377 2671 exceptis
391 2582 428 2642 iis
444 2583 496 2661 qui
511 2583 594 2662 justa
612 2585 727 2644 ratione
740 2583 944 2664 prohibentur.

49 2666 175 2726 Arccndi
203 2671 303 2725 antem
332 2669 403 2724 sunt
433 2662 552 2744 publice
578 2663 713 2743 indigni3
741 2663 847 2743 quales
874 2672 945 2722 sunt

48 2745 301 2815 excommunicati,
321 2743 487 2812 interdicti,
508 2743 725 2823 manifesteque
745 2743 890 2812 infames3
911 2750 946 2803 ut

46 2826 225 2901 meretrices,
241 2823 455 2892 concubinarii,
475 2824 681 2892 soenerntores,
697 2823 784 2903 magi,
800 2823 945 2902 sortilegi,

45 2906 215 2989 blasphemi,
227 2912 259 2965 et
272 2905 324 2966 alii
337 2905 402 2984 ejus
415 2903 534 2985 generis
547 2902 661 2982 publici
675 2909 865 2984 peccatores:
886 2905 946 2964 nisi

45 2986 78 3047 de
97 3006 202 3048 eorum
242 2985 400 3045 oenitentia
414 2990 445 3044 et
465 2982 673 3043 emendatione
695 2991 823 3055 constet,
838 2991 869 3046 et
889 3006 944 3065 pu-

44 3067 118 3128 blico
133 3007 279 3128 scantldlo
293 3064 373 3142 pribs
388 3064 600 3125 satisfecerint.

78 3148 225 3209 Occultos
238 3146 311 3206 vero
331 3151 516 3227 peccatores,
531 3144 555 3204 si
570 3145 690 3209 occulte
706 3150 821 3227 petant,
836 3144 867 3206 et
886 3164 947 3207 non

43 3248 90 3290 cos
109 3228 287 3290 emendatos
308 3225 472 3319 agnoverit,
487 3225 633 3304 repellat3
655 3247 715 3290 non
736 3233 835 3287 autem
850 3226 875 3286 si
892 3247 947 3308 pu-

39 3308 117 3371 blice
131 3314 249 3390 petant,
264 3313 296 3367 et
309 3327 374 3367 sinc
389 3306 530 3367 scandalo
544 3306 626 3388 ipsos
640 3308 796 3406 praeterire
808 3311 948 3389 nequeat.

31 3424 34 3429 ·
78 3389 262 3451 Amentibus
282 3387 429 3468 praeterea
448 3406 500 3446 seu
526 3387 714 3475 phreneticis
734 3389 951 3452 communicare

38 3488 101 3533 non
120 3469 215 3542 licet;
240 3468 346 3530 licebit
368 3473 479 3538 tamem
501 3467 527 3528 si
550 3490 680 3568 quando
702 3476 831 3543 habeant
852 3460 957 3531 lucida
