2234 4006
139 283 179 338 12
340 360 343 367 Ι
376 295 416 337 on
438 295 638 351 sacmuuuro
660 296 811 339 narrrsur.

138 436 310 499 conditione
320 436 534 519 baptizandus,
544 458 579 497 eo
589 436 677 497 modo
687 458 747 517 quo
757 436 850 519 sopri
858 435 976 498 dictum
988 444 1041 500 est:

141 517 178 577 Si
196 536 256 578 noo
270 535 300 577 eo
314 516 492 597 baptizatas,
509 537 561 596 ego
575 526 604 577 te
618 516 737 596 baptizo
754 519 787 583 ia
799 517 920 578 nomiae
933 519 1041 588 Patria,

49 660 51 664 Α
110 592 113 600 ’
137 601 192 657 etc.
233 596 266 656 Si
279 596 351 658 verb
373 594 416 660 ita
434 597 607 679 baptizatus
621 597 732 658 deinde
752 604 889 658 mortuus
903 599 1041 681 prodierit

136 684 285 748 exutam,
300 678 391 739 debet
411 677 444 738 in
457 679 525 739 loco
540 698 625 739 sacro
639 676 772 760 sepeliri.

177 756 210 816 Si
230 764 327 819 mater
345 774 505 898 prteppans
523 765 642 820 mortua
661 758 765 830 fuerit,
783 758 875 819 foetus
895 758 1040 841 quampri·

136 835 216 896 mium
231 838 318 899 caute*
332 847 417 900 extra
437 847 516 910 atur,
531 860 567 901 ac
588 838 715 900 sirivus
737 839 839 908 fuerit,
856 840 1028 921 baptizetur
1034 859 1041 910 ς

136 919 163 978 si
185 918 276 979 luerit
295 926 443 991 mortuus,
462 926 496 981 et
515 919 664 1000 baptizari
683 938 745 980 non
763 919 907 1002 potuerit,
927 921 962 980 in
983 921 1041 981 loco

137 1019 222 1060 sac-ro
236 998 359 1079 sepeliri
371 1018 431 1060 non
446 1000 546 1073 debet.

176 1079 314 1140 Infantes
328 1080 467 1161 expositi,
482 1088 514 1142 et
533 1078 661 1150 inventi,
676 1078 702 1140 si
715 1100 749 1140 re
770 1078 934 1161 diligenter
947 1080 1041 1142 inves-

135 1160 240 1240 tigata,
252 1160 291 1221 de
305 1180 408 1221 eorum
422 1160 578 1242 Baptismo
589 1167 793 1231 nonconstat,
803 1163 859 1221 sub
873 1161 1041 1223 conditione

25 1286 28 1291 ι
135 1241 340 1321 baptizentur.

175 1321 213 1380 ln
240 1319 393 1382 monstris·
414 1321 487 1381 verti
513 1320 717 1403 baptizandis,
745 1320 772 1380 si
799 1341 888 1382 casus
915 1322 1041 1391 eveniat,

134 1421 183 1461 ma
226 1421 243 1461 a
263 1401 362 1462 cautio
382 1401 552 1463 adhibenda
573 1398 637 1463 est:
658 1402 697 1462 de
718 1420 789 1482 quo,
805 1401 830 1462 si
849 1422 925 1483 opus
945 1403 1041 1476 fuerit,

98 1490 105 1509 ‘
135 1483 178 1540 Or
200 1481 313 1542 inanius
326 1482 397 1551 loci,
411 1481 461 1542 vel
476 1482 528 1542 alii
542 1482 631 1564 periti
646 1483 854 1554 consulantur,
867 1483 928 1544 nisi
943 1487 1041 1547 mortis

133 1561 301 1643 periculum
316 1561 481 1623 immineat.
768 1640 770 1645 ,

100 1697 103 1702 .
174 1642 347 1703 Monstrum
376 1643 457 1722 quod
484 1641 643 1703 humanam
671 1642 803 1723 speciem
830 1661 891 1703 non
922 1665 988 1726 prae
1008 1666 1041 1709 ¹se

11 1766 13 1770 Α
133 1721 222 1792 serat,
236 1723 385 1804 baptizari
405 1741 466 1782 non
487 1723 594 1783 debet:
616 1722 656 1781 de
676 1743 736 1802 quo
750 1722 777 1782 si
797 1723 922 1784 dubium
943 1727 1041 1797 fuerit,

53 1847 56 1853 .
133 1802 305 1883 baptizetur
325 1802 450 1864 subhac
471 1802 662 1880 conditione:
687 1803 722 1862 Si
736 1807 768 1862 tn
786 1822 815 1863 es
834 1803 928 1875 bono,
944 1825 1001 1887 ego
1020 1816 1041 1868 te

135 1884 253 1944 batizo
279 1892 333 1943 etc.
621 1888 625 1893 '
884 1886 887 1891 ’

166 1902 264 2025 illud’
277 1964 362 2034 verti,
384 1964 504 2043 dequo
529 1964 653 2025 dubium
673 1970 721 2025 est
744 1983 844 2026 unane
865 1971 919 2026 aut
943 1968 1041 2048 plures

133 2043 196 2105 sint
216 2063 364 2126 personae,
385 2064 446 2104 non
467 2045 650 2126 baptizetur,
669 2044 766 2105 donec
786 2045 818 2105 id
843 2045 1041 2109 discernatur,

132 2124 275 2185 Discerni
302 2129 402 2184 autem
429 2132 541 2202 potest,
569 2125 595 2184 si
625 2124 734 2186 habeat
760 2144 853 2185 uuum
880 2127 930 2188 vel
958 2130 1041 2208 plura

112 2206 242 2286 capita,
263 2224 364 2265 unum.
378 2203 425 2262 vel
445 2203 534 2284 plura
554 2210 694 2344 pectora:
723 2210 796 2266 tunc
817 2207 898 2266 enim
918 2209 1041 2270 totidem

132 2293 223 2346 erunt
246 2285 347 2347 corda'
362 2290 394 2345 et
418 2282 534 2355 animae,
576 2284 752 2364 ominesque
776 2285 926 2362 distincti,
952 2296 985 2350 et
1012 2311 1041 2350 eo

132 2386 204 2426 casu
239 2363 351 2446 singuli
385 2361 518 2424 seorsim
552 2370 625 2426 sunt
657 2367 845 2448 baptizandi,
879 2367 1041 2450 unicuique

105 2445 279 2507 ,dicendoz
313 2443 381 2522 Ego
406 2447 434 2503 lc
461 2443 592 2524 baptiso,
614 2449 670 2513 etc.
720 2447 754 2507 Si
776 2446 848 2506 vero
874 2449 1041 2528 periculum

69 2559 71 2563 ·
130 2525 236 2586 mortis
256 2523 422 2594 immineat,
436 2529 616 2606 tempusque
637 2546 704 2604 uon*
718 2534 861 2619 suppetat
879 2536 914 2589 ut
934 2529 1041 2611 singuli

131 2605 292 2688 separatim
319 2604 524 2684 baptizentur,
552 2607 665 2688 poterit
690 2606 829 2668 mimster
856 2607 1041 2690 singulorum

131 2686 285 2767 capitibus
304 2705 413 2765 aquam
431 2685 605 2763 infundens
630 2706 733 2749 omues
759 2686 848 2747 simul
876 2690 1041 2771 baptizare,

115 2766 279 2827 'dicendoz
301 2765 374 2843 Ego
395 2785 449 2826 vos
463 2767 581 2846 baptizo
602 2768 636 2828 in
648 2768 764 2828 nomine
777 2768 892 2839 Palaia,
908 2774 936 2829 ei
955 2771 1041 2841 Filii,

130 2852 158 2905 et
176 2845 424 2926 Spiritua'conctl.
464 2847 562 2922 Quam
580 2855 682 2910 tamen
696 2847 822 2909 formam
836 2849 868 2908 in
881 2849 919 2910 iis
936 2851 1041 2923 solium,

128 2926 213 2987 etin
232 2926 300 2987 aliis
323 2927 471 2988 similibus
492 2932 597 2991 mortis
617 2928 761 3011 periculis
776 2930 814 2989 ad
833 2930 938 3011 plures
954 2933 1040 2993 simul

128 3007 339 3088 baptizandos,
363 3015 396 3069 et
420 3008 473 3069 ubi
500 3017 618 3093 tempus
641 3029 703 3070 non
730 3010 845 3091 patitur
868 3017 904 3071 ut
931 3013 1041 3094 singuli

127 3088 289 3168 separatim
302 3086 507 3168 baptizentur,
521 3091 599 3165 alies
612 3110 787 3170 numquam,
802 3091 877 3151 licet
890 3092 1041 3155 adhibere.

168 3168 297 3243 Quando
310 3168 384 3230 verb
405 3177 527 3232 nonest
547 3178 664 3233 certum
684 3171 715 3231 in
730 3177 864 3232 monstro
884 3192 951 3235 esse
967 3176 1040 3236 duas

127 3269 283 3327 personas,
293 3250 342 3309 rel
355 3249 427 3329 quia
437 3251 496 3311 duo
511 3252 611 3334 capita
622 3259 654 3313 et
667 3251 726 3312 duo
740 3260 864 3334 pectora
877 3272 939 3314 non
954 3256 1041 3317 habet

123 3329 204 3407 ‚bene
230 3329 393 3401 distincta3
424 3338 498 3392 tunc
526 3333 617 3395 debet
643 3331 769 3414 primum
798 3353 876 3394 unus
904 3337 1039 3397 absolute*

20 3486 25 3495 Ι
51 3470 59 3489 ,
127 3409 286 3504 baptizari,
301 3417 333 3471 et
352 3414 459 3492 posteri
479 3414 557 3475 alter
575 3415 631 3476 sub
652 3414 836 3485 conditione,
856 3415 912 3476 hoc
933 3417 1038 3478 modo:

130 3487 166 3548 Sc
179 3510 239 3551 noa
250 3511 280 3550 es
291 3491 468 3570 baptizatae,
482 3513 537 3570 ego
549 3499 577 3556 te
588 3495 708 3575 baptizo
718 3495 752 3556 in
762 3496 876 3556 nomine
888 3495 1005 3568 Patris,
1015 3504 1040 3558 et

126 3568 215 3643 lilii,
230 3579 258 3632 et
275 3570 409 3653 Spiritus
423 3575 528 3635 canali.
