2234 4006
141 261 188 328 '16
386 285 426 326 nn
448 285 646 327 saonannuro
667 286 819 327 sarrrsmr.

189 427 284 489 Stolae
304 427 384 497 duae,
398 425 450 486 ubi
470 426 625 487 commode?
646 426 746 487 haberi
768 433 907 509 possunt,
922 448 986 488 una
1001 430 1066 490 vio·

147 508 244 577 lacea,
259 513 291 567 et
310 507 406 568 altera
427 508 495 568 alba
510 506 557 588 (ut
575 506 658 567 infra
678 507 813 588 notatur)
829 509 977 570 mutanda
987 530 998 582 3
1021 511 1068 571 sin

149 586 258 659 minis,
273 606 335 649 nna
347 589 455 648 saltem
469 587 656 648 adhibeatur.

188 667 330 726 Medulla
348 668 446 750 panis,
461 688 522 747 qua
541 667 659 728 inuncti
683 667 857 728 Sacerdotis
879 667 982 748 digiti,
999 671 1069 732 cirm

148 767 255 807 manus
269 749 361 818 lavat,
375 750 597 828 abstergantur,
611 754 708 808 otras
722 769 776 829 pro
791 768 936 809 manuum
951 751 1070 813 lotione

147 833 218 909 post
243 828 445 909 Baptismum,
470 829 552 908 quod
578 827 648 889 huic
672 828 790 889 tantum
813 826 882 889 usui
908 830 1068 895 deservire

149 909 248 968 decet.
320 914 322 919 ’
568 948 571 956 ·

188 988 269 1048 Alba
282 987 376 1048 vestis
390 987 422 1047 in
435 988 557 1048 modum
571 987 699 1069 pallioli,
713 1008 766 1049 sen
781 988 944 1050 linteolum
959 994 1068 1054 candi·

148 1069 221 1129 dum
234 1068 360 1129 infantis
375 1067 471 1150 capiti
481 1069 707 1149 imponendum.

149 1148 315 1288 dereus
341 1168 394 1209 seu
419 1149 548 1210 candela
573 1168 661 1210 cerea
683 1148 838 1230 baptizato
861 1149 977 1211 ardens
1006 1160 1069 1215 tra·

172 1248 208 1288 en
232 1250 259 1289 a.
389 1244 397 1253 ·
630 1264 632 1268 ·

189 1309 250 1370 Hic
265 1307 397 1389 deniqne
411 1308 543 1369 Ritnalis
556 1307 634 1369 liber
650 1308 838 1388 sitparatus,
853 1317 886 1370 et
899 1310 978 1373 item
991 1313 1071 1376 liber

149 1389 355 1470 Baptismalis,
370 1391 402 1449 in
416 1410 477 1469 quo
491 1389 637 1469 baptizati
651 1389 876 1449 describuntur.

84 1540 87 1544 Ι
190 1469 337 1529 Omnibus
357 1470 450 1551 igitur
463 1469 632 1551 opportune
650 1469 838 1550 praeparatis,
854 1471 1010 1533 Sacerdos
1031 1475 1072 1534 ad

148 1550 227 1611 tanti
242 1550 429 1610 Sacramenti
443 1548 746 1619 administrationem,
762 1550 833 1610 lotis
848 1553 1003 1623 manibus,
1020 1564 1072 1615 su-

117 1676 119 1681 .
147 1631 334 1712 perpelliceo
344 1640 376 1693 et
389 1631 467 1691 stola
480 1629 616 1689 violacea
628 1629 754 1689 indutus
768 1631 906 1702 accedat,
918 1633 1073 1696 clericum

148 1731 253 1781 unum,
269 1708 323 1772 se‘u
346 1711 459 1804 pluteo,
474 1709 500 1770 si
523 1714 633 1789 potest,
657 1729 760 1769 secum
782 1710 936 1783 adhibeat,
959 1734 1072 1798 super·

147 1792 278 1874 pelliceo
292 1798 406 1873 pariter
418 1791 553 1859 indutos,
568 1789 621 1867 qui
635 1789 692 1849 sibi
706 1790 891 1852 ministrent.

189 1873 239 1934 Ita
259 1880 382 1955 paratus
406 1871 534 1932 accedat
555 1871 593 1929 ad
616 1869 709 1929 limen
733 1871 894 1942 Ecclesia,
914 1872 969 1933 ubi
996 1875 1074 1937 soris

149 1972 187 2014 ex
209 1959 314 2013 ectant
327 1953 381 2031 qui
393 1951 540 2012 infantem
555 1950 742 2012 detulerunt.

189 1974 364 2108 interroget
378 2031 450 2112 (nisi
463 2032 503 2091 de
523 2030 569 2091 bis
583 2029 661 2090 bene
673 2029 731 2091 sibi
745 2030 878 2111 constet)
893 2053 933 2093 an
948 2034 992 2096 sit
1006 2057 1074 2098 snae

149 2111 317 2179 Parochiae,
327 2111 481 2170 masculus
493 2129 531 2169 an
545 2109 670 2179 femina,
680 2128 720 2169 an
731 2110 773 2170 sit
782 2110 864 2171 domi
880 2114 1075 2194 baptizatus,

149 2198 182 2252 et
197 2192 216 2249 a
229 2211 301 2269 quo,
316 2194 348 2249 et
361 2191 455 2268 qnam
469 2188 537 2258 rite,
552 2194 584 2247 et
603 2188 657 2267 qui
679 2186 743 2250 sint
756 2189 936 2272 Compatres
951 2197 1007 2274 qui
1023 2199 1074 2257 in-

149 2272 265 2332 fantem
285 2275 421 2339 teneant,
435 2288 489 2351 pro
509 2286 606 2346 eoque
624 2270 847 2348 respondeaut;
868 2292 946 2352 quos
968 2277 1021 2356 pie
1036 2300 1075 2340 ac

149 2352 295 2412 decenter
314 2348 473 2419 assistere,
489 2367 525 2408 ac
542 2352 634 2428 prout
660 2368 735 2428 opus
759 2351 863 2422 suerit,
884 2375 940 2434 pro
968 2359 1074 2439 bapti-

149 2431 249 2493 zando
263 2431 302 2491 ad
316 2427 567 2510 interrogationes
581 2429 764 2509 respondere
778 2431 952 2495 admoneat.

188 2513 231 2573 nt
244 2510 386 2592 quoniam
400 2509 439 2569 iis
453 2508 507 2588 qui
526 2508 731 2589 baptizantur,
745 2518 901 2590 tamquam
919 2515 978 2576 Dei
995 2517 1074 2580 filiis

148 2592 181 2653 in
202 2591 325 2653 Christo
348 2588 573 2671 regenerandis,
593 2597 625 2650 et
645 2589 678 2649 in
698 2591 764 2670 ejus
786 2593 927 2653 militiam
949 2597 1074 2659 adseri·-

148 2673 267 2743 bendis,
291 2690 399 2733 nomen
426 2669 600 2751 imponitur,
623 2677 710 2731 curet
731 2690 769 2731 ne
798 2675 955 2746 obscoena,
981 2679 1073 2740 fabu-

147 2754 224 2824 losa,
239 2761 293 2814 aut
305 2751 446 2820 ridicula,
461 2751 510 2810 vel
531 2749 666 2810 inanium
680 2750 815 2822 deorum,
830 2755 881 2813 rel
904 2755 1073 2837 impiorum

148 2833 348 2896 Ethnicorum
359 2832 512 2892 bominum
523 2830 866 2913 nominai'ruponantur3
888 2837 943 2895 sed
956 2839 1072 2918 potius,

171 2914 299 2976 natenius
321 2913 386 2973 fieri
408 2919 520 2994 potest,
543 2911 742 2982 Sanctorum
763 2932 892 2992 quorum
918 2920 1072 3000 exemplis

148 2936 256 3057 duoles
283 2995 322 3056 ad
350 2993 399 3075 pie
425 2992 590 3073 vivendum
617 2991 800 3063 excitentur,
828 3001 860 3055 et
886 2999 1072 3076 patrociniis

147 3081 356 3158 protegantur.
559 3140 560 3143 Ἴ
938 3136 941 3143 Ι

190 3157 248 3217 His
269 3155 362 3250 igitur
380 3151 541 3234 expeditis,
556 3155 588 3212 et
601 3156 726 3231 accepto
741 3151 861 3212 nomine
875 3153 1070 3235 baptizandi,

147 3236 240 3318 positi
256 3236 294 3318 (si
311 3234 414 3296 insons
429 3234 535 3304 fuerit)
551 3252 643 3312 super
655 3232 810 3292 brachium
824 3232 968 3296 dextrum
982 3238 1071 3300 illius

116 3382 118 3386 ,
149 3318 202 3398 qui
216 3338 285 3378 enm
299 3316 410 3385 desert,
424 3313 578 3376 Parochus
592 3312 631 3372 ad
650 3312 841 3392 Baptismum
860 3319 1022 3394 procedat,
1037 3321 1070 3382 in

147 3399 228 3461 hunc
242 3397 364 3462 modum
379 3393 557 3457 nominatim
570 3393 771 3474 interrogans.
