2234 4006
515 670 570 719 DE

87 910 505 1027 suonuunuro
551 862 1025 1007 nmurrnuurn(

400 1180 681 1202 mmmmm

149 1373 339 1434 ANGTUM
376 1373 568 1435 Poenitentiae
603 1374 841 1447 Sacramentum,
875 1377 914 1438 ad
948 1399 1000 1438 eos
1095 1408 1109 1445 ι

167 1453 222 1533 qui
266 1461 314 1515 ost
334 1454 522 1533 Baptismum
543 1454 622 1536 lapsi
642 1462 723 1526 sunt,
738 1456 770 1516 in
792 1456 918 1537 gratiam
940 1459 999 1518 Dei

85 1475 303 1604 restituenios,
326 1534 345 1592 a
365 1534 487 1594 Christo
513 1534 642 1595 Domino
664 1535 848 1608 institutum,
869 1537 905 1598 eb
928 1538 999 1598 dili·

86 1612 205 1694 gentiis
220 1613 492 1674 administrandum
507 1623 565 1684 est,
579 1614 641 1694 qud
663 1615 849 1696 frequentior
862 1624 911 1678 est
933 1619 1000 1696 ejus

86 1714 171 1764 usus,
184 1700 216 1754 et
230 1694 290 1774 quri
304 1695 392 1775 plura
402 1695 599 1774 requiruntur
608 1695 647 1756 ad
661 1694 740 1756 illud
750 1697 834 1757 recte
847 1697 878 1756 di
921 1716 999 1775 eque

86 1774 279 1835 tractandum
302 1795 337 1835 ac
363 1775 598 1856 suscipiendum.
638 1773 715 1834 Cium
736 1783 875 1835 autema
920 1775 1022 1836 illud·

88 1854 335 1914 constituendum
366 1854 425 1914 tria
453 1859 645 1923 concurrant,
673 1854 808 1924 materia,
835 1854 941 1924 forma,
969 1863 1002 1916 et

86 1934 244 1995 minister:
265 1934 349 1994 iliius
364 1935 487 2014 quidem
506 1939 621 1994 remota
634 1933 759 1994 materia
773 1943 845 1996 sunt
864 1942 999 2016 peccata,

87 2014 224 2094 proxima
237 2013 309 2074 verb
330 2021 402 2074 sunt
415 2022 501 2075 actus
517 2012 704 2095 poenitentis,
718 2033 826 2096 nempe
847 2014 999 2086 contritio,

88 2095 251 2164 confessio,
276 2100 308 2153 et
331 2094 507 2155 satisfactio.
536 2095 645 2154 Forma
668 2100 779 2165 autem,
801 2095 856 2155 illa
879 2096 999 2155 obsolu-

87 2174 181 2234 tionis
201 2176 310 2234 verba:
330 2173 400 2252 Ego
423 2183 450 2234 tr
475 2172 600 2244 absoluo,
616 2182 676 2255 etc.
700 2174 845 2236 Minister
868 2174 999 2254 denique

88 2260 136 2315 est
157 2255 316 2323 Sacerdos,
330 2254 442 2315 habens
463 2261 642 2336 potestatem
656 2255 832 2317 absolvendi
844 2255 901 2316 vel*
916 2255 997 2316 ordi-

87 2334 203 2395 nariam
217 2334 265 2394 vel
288 2334 467 2414 delegatam.
508 2334 568 2400 Sed
582 2333 609 2394 si
649 2335 795 2396 ericulum
818 2334 923 2396 mortis
943 2335 999 2394 im·

87 2414 212 2483 mineat,
240 2416 480 2497 approbatusque
510 2414 592 2475 desit
623 2355 844 2486 ionfessarius,
872 2415 1001 2494 quilibet

89 2495 239 2557 Sacerdos
260 2500 361 2576 potest
375 2501 394 2553 b
407 2494 647 2574 quibuscumque
665 2495 800 2557 censuris
814 2501 846 2556 et
866 2495 1000 2574 peccatis

86 2575 256 2636 absolvere.
296 2575 332 2635 In
347 2575 412 2653 ejus
428 2575 564 2635 ministro
581 2574 747 2654 requiritur
760 2575 850 2636 etiam
869 2574 999 2644 bouitas,

88 2655 228 2724 scientia,
242 2659 334 2733 atque
354 2655 525 2735 prudentia,
541 2674 609 2716 cum
624 2652 723 2735 sigillo
737 2661 861 2715 secretae
880 2653 999 2715 confes-

88 2736 184 2796 sionis
209 2737 265 2796 sub
291 2742 397 2795 exacto
424 2743 630 2816 perpetuoque
657 2734 789 2795 silentio.
830 2732 944 2807 Quibus
969 2742 1001 2795 et

88 2816 158 2876 aliis
179 2815 219 2875 ad
238 2811 271 2874 id
292 2815 467 2896 opportunis
484 2823 519 2875 ut
538 2813 649 2895 optime
669 2814 732 2875 sint
750 2813 904 2885 instructi,
919 2815 1000 2875 omui

90 2894 192 2956 studio
208 2915 314 2956 curare
328 2896 441 2955 debent
460 2892 655 2956 Confessarii.

127 2976 167 3036 In
181 2975 286 3056 primis
302 2975 472 3035 meminerit
485 2973 696 3035 Confessarius
710 2993 742 3034 se
759 2973 874 3054 judicis
888 2975 1000 3056 pariter

90 3063 120 3116 et
134 3054 247 3115 medici
261 3075 416 3136 personam
430 3055 589 3124 sustinere,
601 3075 636 3114 ac
648 3054 757 3114 divinae
769 3055 895 3135 justitiae
907 3055 997 3116 simul
1090 3128 1094 3137 Ι

90 3145 121 3197 et
141 3135 356 3196 misericordie
382 3135 551 3197 ministrum
573 3136 592 3194 a
614 3136 678 3195 Deo
701 3135 897 3199 constitutum
920 3156 998 3205 esse,

91 3222 125 3277 ut
147 3223 303 3294 tamquam
324 3216 435 3276 arbiter
458 3215 539 3275 inter
559 3217 656 3277 Deum
678 3221 709 3277 et
728 3215 874 3287 homines,
894 3215 999 3277 honori

91 3296 193 3357 divino
210 3303 242 3356 et
262 3295 427 3356 animarum
449 3295 540 3356 saluti
561 3295 710 3357 consulat.

129 3376 176 3438 Ut
209 3397 279 3457 ergo
306 3376 390 3439 recte
418 3375 556 3456 judicare
584 3382 686 3455 queat,
713 3374 889 3437 discernens
919 3372 1000 3435 iuter

92 3454 205 3537 lepram
216 3465 248 3518 et
261 3458 388 3538 lepram,
399 3464 430 3518 et
443 3462 595 3535 tamquam
608 3455 723 3538 peritus
738 3456 872 3518 medicus
885 3454 999 3519 anima·
