2234 4006
394 255 490 298 INDEX
511 257 693 300 olnunms.

79 399 210 450 Prolessio
234 399 292 448 bdei
312 395 449 456 catholicae,
470 411 512 446 an·

79 465 153 533 glice
168 467 221 514 198.

114 529 232 578 Psulmus
245 527 286 576 Ad
301 525 436 575 Dominum
453 525 512 574 edm

77 595 216 644 tribularer
228 597 278 641 144.
311 591 382 640 Beati
393 590 512 637 immacu·

76 659 128 707 lati
147 661 186 706 94.
219 657 321 705 Cantate
336 653 444 703 Domino
454 667 512 701 can-

77 721 336 770 ticum...laus97.
361 716 512 781 Deprofun·

77 787 121 834 dis
134 789 174 833 82.
200 786 269 834 Deus
280 782 423 831 misereatur
433 780 512 829 nostri

79 853 141 898 156.
157 850 225 897 Deus
234 845 446 910 nosterrelugium
459 846 512 892 166.

77 913 192 962 Domine
204 927 234 961 ne
245 912 271 960 in
282 909 363 961 furore
373 912 416 958 tuo
424 922 512 973 arguas

78 993 124 1026 me
143 980 196 1024 163.
227 974 329 1023 Domini
339 975 378 1022 est
392 975 456 1020 terra
472 973 511 1019 98.

77 1039 207 1090 Dominus
221 1038 285 1105 regit
299 1052 339 1085 me
357 1039 410 1084 161.
441 1035 511 1083 Ecce

77 1098 512 1218 autumniautumni

77 1232 138 1296 ejus
157 1235 210 1280 140.
242 1229 351 1277 Latatus
362 1241 418 1275 sum
434 1224 510 1274 in'his

78 1300 138 1344 146.
179 1294 266 1342 Lauda
290 1291 427 1340 Jerusalem
456 1293 510 1338 168.

77 1359 194 1408 Laudate
203 1355 338 1406 Dominum
349 1355 379 1403 de
391 1352 460 1403 coelis
468 1356 509 1402 96.

78 1423 195 1472 Laudate
215 1420 350 1468 Dominum
369 1418 396 1466 in
417 1416 510 1465 sanctis

79 1485 138 1550 ejus
162 1489 201 1535 98.
239 1483 350 1532 Laudate
374 1482 509 1530 Dominum

78 1550 200 1615 quoniam
217 1547 297 1597 bonus
313 1550 367 1594 164.
398 1544 509 1593 Laudate

78 1614 154 1678 pueri
178 1611 313 1661 Dominum
337 1612 377 1657 93.
414 1608 510 1656 Levavi

78 1678 309 1726 1111011101144,
338 1673 447 1736 Magnus
458 1672 508 1720 Do-

78 1741 166 1790 minus
177 1744 202 1788 et
211 1736 339 1787 laudabilis
349 1738 401 1783 186.
429 1735 508 1784 Mise-

78 1820 135 1853 rere
145 1804 196 1852 mei
205 1804 273 1851 Deus
284 1804 323 1849 83.
355 1798 411 1847 Nisi
422 1798 508 1847 Domi·

78 1883 128 1918 nus
153 1865 311 1916 aedilicaven't
339 1866 391 1911 139.
424 1862 507 1919 Quam

78 1933 174 1981 dilecta
197 1934 249 1979 131.
291 1926 342 1985 Qui
368 1926 461 1975 habitat
481 1927 508 1975 in

78 1995 203 2060 adjutorio
219 1995 272 2042 168.

112 2059 190 2107 Pueri
200 2071 248 2105 non
258 2052 455 2104 communicandi
464 2053 507 2118 qui

77 2121 235 2171 eucharistiae
256 2118 423 2185 cognitionem
444 2131 505 2167 nuu-

78 2187 138 2236 dum
150 2185 290 2234 1111111144.

281 2312 305 2361 R

109 2437 281 2488 marmure.
301 2435 375 2484 Ritus
394 2435 504 2485 reconci-

78 2503 155 2552 liandi
170 2501 302 2550 ecclesiam
319 2499 434 2547 violatam
451 2502 503 2547 146.

78 2570 103 2616 et
125 2563 294 2615 coemeterium
312 2563 430 2611 violatum
451 2565 503 2610 162.

79 2631 185 2695 simplex
195 2628 318 2684 sacerdos,
329 2627 358 2674 ad
370 2626 395 2674 id
406 2626 502 2737 deleffa-

79 2697 127 2751 tus,
145 2695 228 2758 potest
244 2691 404 2739 reconciliare
423 2704 466 2738 ecc
493 2716 502 2726 -

79 2759 140 2806 siam
156 2755 319 2820 abepiscopo
336 2755 503 2802 consecratam

111 2881 206 2945 Regulo
214 2880 340 2947 generales
348 2881 378 2929 de
387 2879 503 2929 benedic·

79 2947 185 2995 tionibus
198 2949 251 2994 113.

106 3010 232 3073 Reliquiae.
243 3006 502 3072 insigniumreliquia·

79 3088 129 3122 rum
140 3072 269 3122 translatio
282 3075 333 3119 174.

106 3137 230 3200 Requisita
249 3134 317 3182 varia
337 3135 363 3182 in
383 3133 500 3183 adminis-

79 3200 179 3249 ratione
192 3199 225 3248 ba
242 3197 308 3247 tismi
322 3203 359 3246 14.

105 3263 213 3312 Ritualis
224 3215 292 3310 biber
302 3276 399 3325 semper
409 3259 501 3309 haben·
522 3257 524 3263 ’

79 3328 119 3377 lus
138 3342 225 3375 secum
243 3326 269 3375 in
292 3324 501 3374 administratione

82 3399 283 3440 aeramentorum
299 3392 322 3437 7.

103 3455 178 3504 Ritus
192 3451 363 3511 benedicendi,
380 3455 406 3502 et
421 3451 500 3516 impo-

939 246 999 303 219

576 398 651 446 nendi
668 395 813 463 primarium
828 394 936 462 lapidem
956 415 1002 464 pro

576 462 683 510 ecclesia
698 460 840 509 aediticanda
856 463 909 509 1119.
925 463 1001 513 bene·

577 526 674 575 dicendi
702 538 791 574 novam
816 523 949 576 ecelesiam
975 530 1001 576 et

576 589 707 639 oratorium
740 592 793 638 141.
826 591 1002 640 reconciliandi

576 654 691 702 violatam
708 656 762 702 146.
779 651 942 704 benedicendi
957 670 1001 705 no·

577 733 635 766 vum
661 715 828 766 caemeterium
857 719 909 767 160.
936 719 1001 769 cele-

576 781 662 831 brandi
678 779 863 829 matrimonium
878 786 931 832 166.

778 906 796 956 S

610 1033 1001 1089 Sacerdotoliunrindnmsntorum

574 1100 714 1151 benedictio
726 1103 778 1150 124.

608 1167 794 1214 Sacramentum.
817 1164 880 1221 Quae
898 1178 1000 1230 genera·

573 1227 630 1276 liter
644 1229 764 1277 servanda
773 1229 823 1278 sint
838 1229 905 1277 circa
919 1243 1000 1277 sacra·

575 1294 712 1340 mentorum
723 1291 959 1341 administrationem
975 1295 999 1340 6.

574 1361 754 1406 sacramentum
791 1355 906 1420 baptismi
938 1369 999 1419 quo·

574 1419 647 1468 modd
678 1420 726 1470 rite
761 1419 944 1471 administretur
975 1422 1000 1467 9.

574 1487 754 1532 sacramentum
779 1483 933 1534 eucharistiae
959 1486 999 1532 41.

573 1548 745 1610 peccatoribus
755 1550 868 1606 occultis,
880 1551 905 1595 et
914 1561 998 1596 amen·

573 1610 638 1659 tibus
659 1613 756 1675 quaudo
780 1611 999 1662 administrandum

572 1675 998 1742 43.sacramcntumpoenitentiae83.

572 1738 631 1786 ordo
638 1739 698 1787 illud
706 1739 858 1789 ministrandi
866 1744 905 1788 94.
916 1753 998 1789 sacra·

572 1805 683 1850 mentum
694 1806 810 1852 extremar
819 1801 943 1852 unctionis
958 1807 997 1853 64.

572 1866 704 1928 quomodo,
725 1870 750 1916 et
771 1867 859 1931 quibus
881 1867 997 1916 adminis-

573 1929 685 1977 trandum
705 1934 743 1978 66.
760 1931 818 1980 ordo
833 1930 996 1980 illudminis-

572 1993 651 2040 trandi
663 1997 701 2041 66.
717 1997 897 2044 sacramentum
913 1996 996 2044 matri-

571 2057 648 2106 monii
676 2061 729 2106 103.
755 2059 816 2108 ritus
842 2058 904 2108 illud
932 2060 996 2109 cele·

571 2118 656 2169 brandi
674 2124 727 2170 106.

605 2185 649 2232 Sal
669 2185 813 2248 requisitum
834 2186 861 2234 in
879 2187 994 2236 adminis-

570 2247 674 2295 tratione
681 2248 797 2313 baptismi
808 2253 845 2299 16.
856 2249 997 2302 benedictio

569 2312 627 2360 salis
638 2326 682 2375 pro
694 2311 816 2377 baptismo
828 2317 866 2363 18.
877 2330 922 2380 pro
932 2329 996 2381 aqua

569 2375 663 2423 lustrali
676 2380 729 2424 114.

603 2440 743 2502 Scapularis
758 2440 899 2490 benedictio
911 2445 964 2492 188.

603 2504 738 2564 Sepultura.
771 2503 837 2560 Quid
864 2505 995 2554 observan-

569 2565 627 2615 dum
651 2569 677 2616 in
697 2567 823 2631 sepultura
843 2571 994 2618 mortuorum

568 2633 608 2678 79.
624 2631 683 2694 quid
698 2630 725 2678 in
739 2629 865 2694 sepultura
879 2633 994 2695 parvulo-

567 2707 623 2741 rum
634 2696 672 2742 92.
689 2708 734 2758 pro
745 2695 895 2743 mortuorum
910 2696 993 2760 sepul·

567 2760 623 2805 tura
637 2756 788 2822 prohibitum
800 2756 934 2822 quidquam
950 2773 993 2824 pa·

568 2819 637 2893 cisci,
664 2823 708 2868 aut
738 2823 853 2933 tanffiuam
886 2823 993 2896 pretium

567 2885 994 3012 {pffegcedzssriaepperapsepplppmlpegpt

600 3011 727 3059 Serendae.
745 3010 872 3060 Processio
887 3028 930 3079 pro
946 3015 991 3064 im-

566 3075 684 3138 petranda
694 3073 824 3123 serenitate
837 3079 890 3124 166.

600 3136 991 3203 Simoniaeetiamsuspiciovitan-

566 3200 597 3248 da
611 3201 636 3249 in
651 3204 858 3251 sacramentorum
874 3204 991 3253 adminis-

566 3265 669 3312 tratione
684 3269 708 3313 7.

600 3329 719 3377 Sodelitus
731 3329 760 3376 B.
772 3329 811 3377 M.
823 3328 855 3377 V.
866 3330 896 3377 de
907 3332 990 3378 monte

567 3391 687 3440 Carmelo.
720 3392 811 3442 Modus
827 3391 853 3441 in
869 3392 937 3441 illam
948 3394 990 3442 ad-

565 3454 678 3504 mittendi
690 3458 742 3504 186.
875 3478 880 3487 ·
