2206 4004
139 102 178 161 74
346 113 424 155 orno
444 111 714 155 oonusnsrronrs
733 111 853 155 aarum.

137 257 234 319 Filius
248 255 307 317 Dei
317 255 380 316 vivi
393 255 474 317 intra
486 253 619 336 paradisi
633 253 679 314 sui
692 274 810 336 semper
820 253 1035 321 amoensriren·

137 364 238 435 tia,'et
259 362 340 423 inter
356 380 429 422 oves
442 380 513 422 snas
534 365 565 421 te
579 379 669 421 verus
690 358 745 421 ille
766 359 879 427 Pastor
898 362 1035 441 agnoscat
1072 406 1075 411 .

139 471 199 533 llle
221 462 257 529 ab
275 467 413 528 omnibns
434 466 569 548 peccatis
590 466 652 528 tois
672 471 705 527 te
725 465 879 547 absolvat3
900 471 994 546 abque
1008 461 1038 524 ad

139 574 295 637 dexteram
316 592 400 633 snam
421 573 453 633 in
467 573 633 634 eleotornm
653 591 776 633 suornm
795 578 827 632 te
841 577 924 632 sorte
940 567 1038 633 sensti
1102 619 1103 624 ,

139 687 215 747 tuat'.
256 680 492 760 Redemptorem
512 685 598 740 tunm
618 678 696 739 isaie
710 678 748 739 ad
768 674 1040 748 faeiem-videaaet

76 806 79 811 ·
139 804 274 869 praesens
287 804 405 866 semper
416 784 572 855 assistens,
581 778 858 845 manifestissimam
870 782 969 854 beatis
981 797 1041 842 ocu-

139 891 180 953 lis
193 891 321 973 aspicias
330 889 500 952 veritatem.
533 888 728 951 Constitutus
741 886 1043 971 igiturinteragmim
1100 935 1103 943 r

140 1001 306 1068 beatorum,
328 995 591 1078 contemplationis
612 995 727 1056 dirinae
745 988 911 1056 dnlcedine
930 990 1044 1076 potiaris
1101 1032 1103 1062 2

140 1105 173 1166 in
188 1105 301 1167 saeoula
315 1104 504 1166 saeculorum.
544 1082 583 1172 Pla
604 1102 716 1163 Amen.
825 1110 829 1123 '

542 1293 661 1337 ΟΜΠΟ.

95 1412 97 1416 ⁸
204 1429 355 1503 USCIPE
371 1426 499 1489 Domine
511 1424 631 1488 serv'um
642 1431 729 1487 tnum
742 1405 889 1488 inlocum
901 1424 1049 1508 sperande

224 1537 281 1598 sibi
306 1533 481 1596 salvationis
508 1525 527 1592 a
551 1531 759 1595 misericordia
781 1538 844 1594 tua.
884 1520 925 1602 12.
946 1533 1049 1593 Amen.

183 1645 295 1728 Libera
316 1642 446 1705 Domine
459 1639 594 1714 animam
606 1639 687 1700 servi
705 1639 753 1700 tui
766 1658 804 1700 ex
818 1638 957 1700 omnibns
977 1635 1050 1720 peri·

145 1749 223 1811 culis
243 1740 366 1819 inferni,
381 1754 413 1810 et
433 1748 472 1808 de
491 1746 609 1826 laqueis
630 1750 845 1826 poenarnm,''et
865 1763 904 1806 ex
920 1743 1052 1806 omnibns

145 1857 400 1918 tribulationibus.
426 1845 479 1926 D.
502 1853 612 1914 Amen.

185 1959 298 2021 Libera
321 1958 450 2018 Domine
475 1958 604 2018 animam
629 1955 790 2027 servitui,
816 1955 897 2017 sient
924 1952 1053 2017 liberasti

146 2048 276 2127 Henoab
287 2069 319 2125 et
328 2063 429 2123 Eliam
438 2064 476 2123 de
489 2063 639 2123 communi
649 2068 745 2125 morte
753 2062 868 2123 mnndi.
890 2047 937 2134 D..
950 2064 1053 2123 Amen.

164 2169 301 2229 'Libera
322 2167 452 2227 Domine
479 2167 609 2235 animam
634 2167 714 2227 servi
740 2166 796 2238 tui,
818 2166 899 2228 siant
925 2162 1054 2227 liberasti

148 2275 216 2337 Noa
236 2275 275 2335 de
296 2273 421 2334 diluvio.
462 2255 501 2345 D.
522 2274 633 2334 Amen.

187 2381 299 2442 Libera
326 2377 454 2440 Domine
481 2377 715 2447 animamlservi
739 2377 796 2449 tiri,
821 2376 903 2439 sient
920 2375 1056 2440 liberasti

148 2489 301 2549 Abraham
315 2486 354 2547 de
368 2486 414 2547 Ur
428 2485 651 2546 Chaldaeorum.
691 2469 731 2557 D
752 2486 864 2555 Amens

189 2594 300 2654 Libera
314 2591 443 2654 Domine
457 2591 587 2653 animam
601 2591 682 2653 servi
694 2591 751 2663 tui,
763 2591 844 2653 siout
855 2588 995 2654 liberasti
1006 2592 1059 2656 Job

84 2706 86 2710 ’
150 2699 189 2760 de
202 2698 391 2781 passionibus
405 2698 478 2760 suis.
518 2695 558 2774 D.
578 2699 688 2760 Amen·
899 2685 900 2688 ¹

190 2803 302 2865 Libera
326 2803 455 2865 Domine
479 2803 608 2881 animam
633 2803 713 2886 servi
739 2803 796 2876 tui,
822 2803 902 2865 siout
926 2801 1060 2877 liberasti

150 2910 238 2971 Isaeo
265 2908 304 2969 de
336 2907 445 2979 hostia,
473 2914 505 2970 et
537 2907 576 2968 de
602 2927 694 2968 mann
722 2908 818 2990 patris
845 2908 893 2969 sni
922 2907 1059 2973 abraha.

128 2997 197 3092 ·.D
212 3013 323 3073 Amen.
441 3041 444 3046 ·
593 3096 595 3101 ,
875 2990 878 2998 ¹

192 3118 303 3180 Libera
317 3116 445 3178 Domine
456 3107 586 3179 animam
598 3115 678 3180 servi
691 3120 748 3192 tni,
760 3120 842 3183 sient
853 3118 991 3182 liberasti
1005 3119 1061 3180 Lot

154 3226 192 3288 de
207 3222 355 3294 Sodomis,
371 3228 402 3284 et
419 3223 458 3284 de
471 3223 592 3287 flamma
603 3225 693 3308 ignis.
733 3214 772 3295 ἢ.
785 3227 905 3289 ΛΜ.

194 3329 306 3395 Libera
320 3329 458 3392 'Domine
482 3330 612 3396 animam
636 3331 716 3395 se'rri
740 3331 796 3404 tui,
821 3332 903 3395 siout
929 3327 1061 3394 liberasti
