2234 4006
277 276 358 342 enno
378 272 650 340 connanonrronrs
670 276 789 340 aarum.
949 287 987 342 75

78 439 208 524 Moysen
244 440 283 500 de
316 461 408 503 manu
445 439 612 544 Pharaonis
650 439 730 521 regis
765 430 892 522 AEgypt'
884 460 991 501 rorum

79 524 116 614 li.
135 548 249 607 Amen.
315 540 320 547 ⁴
407 611 409 614 ,

114 643 230 715 Libera
256 651 386 714 Domine
408 650 540 714 animam
565 651 646 713 servi
670 653 727 722 tui,
753 614 834 714 sicut
856 650 992 714 liberasti

78 757 239 818 Danielem
259 759 298 819 de
318 758 387 819 lacu
408 759 540 819 leonum.
561 742 620 829 -ll
641 759 751 819 Amen.

90 862 231 925 Libera
241 863 370 924 Domine
382 863 511 925 animam
523 863 603 924 servi
617 863 674 934 tui,
686 863 766 925 sicut
753 863 912 926 tliberast'
891 871 915 926 tr
930 870 991 925 tres
1032 909 1034 914 .

78 988 187 1046 pueros
213 967 252 1029 de
274 968 392 1029 camino
414 969 493 1050 ignis
515 968 633 1031 ardent'
611 976 662 1040 t,rs
683 975 715 1030 et
739 969 778 1030 cle
800 989 889 1030 manu
912 969 992 1068 regis

78 1072 186 1154 iniqui
226 1069 265 1145 ill
288 1057 399 1135 Amen.
507 1086 510 1091 ’

114 1179 231 1240 Libera
254 1154 384 1240 Domine
409 1179 537 1258 animam
563 1180 643 1241 servi
669 1180 726 1251 tui,
752 1180 832 1242 sicut
858 1179 994 1243 liberasti

78 1271 250 1346 Susannam
264 1285 303 1345 de
317 1285 395 1346 falso
410 1286 547 1347 crimine.
585 1267 626 1358 Pl.
646 1287 775 1347 Amen.

114 1390 231 1452 Libera
255 1392 401 1453 Domine
410 1392 539 1473 animam
562 1392 646 1452 servi
668 1392 726 1464 tui,
752 1391 833 1453 sicut
858 1391 993 1480 liberasti
1026 1389 1028 1393 ’

78 1495 180 1557 David
215 1495 253 1556 de
281 1517 371 1557 mauu
399 1496 479 1578 regis
511 1497 598 1568 Saul,
627 1503 659 1558 et
693 1499 731 1559 cle
758 1518 849 1559 mauu
885 1472 993 1559 Goliae.

78 1585 117 1675 lb.
140 1602 251 1662 Amen.

115 1705 231 1769 Libera
254 1707 384 1775 Domine
408 1707 538 1770 animam
563 1708 643 1770 servi
667 1709 724 1779 tui,
749 1710 832 1770 sicut
857 1708 994 1785 liberasti

78 1812 205 1874 Petrum
220 1817 252 1872 et
271 1812 400 1872 Paulum
421 1811 460 1873 de
481 1813 664 1873 carceribus.
705 1803 744 1891 Pl·
765 1815 876 1872 Amen.

116 1918 161 1979 Et
184 1917 265 1979 sicut
288 1918 492 1979 beatissimam
517 1917 664 1977 Theclam
689 1916 836 1998 virginem
862 1922 895 1977 et
916 1936 995 1977 mar·

78 2027 180 2104 tyr-cm
194 2027 277 2085 tuam
290 2023 329 2084 de
349 2023 445 2085 tribus
460 2021 657 2084 atrocissimis
671 2022 830 2084 tormentis
849 2022 995 2094 liberasti,

78 2128 125 2191 sic
139 2129 271 2191 liberare
283 2130 417 2211 digneris
431 2118 562 2192 animatu
574 2129 664 2210 hujus
678 2130 759 2193 servi
772 2130 829 2202 tui,
838 2117 875 2190 et
895 2136 996 2195 tecum
1033 2198 1035 2202 .

78 2233 175 2296 iacias
190 2235 222 2296 in
236 2235 323 2297 bonis
337 2235 728 2317 congaudere‘coelcsaibus.
766 2226 807 2316 lb.
828 2237 938 2298 Amen.

478 2414 602 2457 onemo.

159 2524 475 2607 ommuuoamos
504 2545 558 2608 tim
583 2527 712 2608 nonina
737 2546 866 2609 animam
892 2543 996 2605 samua

179 2651 225 2712 tui
250 2651 294 2715 N.
316 2672 535 2733 precamurque
559 2658 589 2714 tc
610 2652 740 2713 Domine
763 2653 838 2713 lesu
863 2649 997 2721 Christe,

81 2755 224 2817 Salvator
247 2757 362 2837 mundi,
377 2763 413 2818 ut
432 2764 555 2838 propter
575 2776 666 2846 quam
687 2756 859 2841 ad'tenram
877 2754 1006 2828 miseri·v

81 2860 219 2922 corditer
244 2861 441 2934 descendisti,
459 2846 711 2922 -Pat'riarcharnm
737 2866 857 2921 brorum
883 2858 998 2921 sinibus

79 2967 238 3027 insinuare
260 2986 322 3027 non
346 2987 466 3029 renuas.
507 2967 649 3048 Agnosce
674 2961 804 3026 Domine
829 2950 999 3028 creaturam

79 3078 177 3142 tuam,
191 3091 253 3132 non
277 3073 296 3130 b
315 3071 373 3134 diis
392 3071 502 3134 alienis
521 3077 665 3142 creatm,
681 3070 736 3133 scd
756 3071 777 3131 a
796 3077 827 3137 te
848 3072 912 3133 solo
932 3074 999 3134 Deo

80 3171 151 3233 rivo
174 3177 310 3246 atvero:
331 3167 483 3253 quianon
505 3179 553 3234 est
573 3173 650 3254 alius
671 3174 756 3254 Deus
777 3179 886 3254 preter
904 3180 947 3246 te,
968 3181 1000 3236 et

79 3284 208 3340 nonest
228 3279 393 3340 secundum
409 3300 504 3362 opera
525 3286 586 3341 tua.
627 3280 764 3342 Laetifica
783 3268 913 3342 Domine
934 3281 999 3368 ani-

79 3404 161 3444 mam
177 3384 243 3463 ejus
257 3383 289 3444 in
304 3392 468 3468 conspectu
484 3391 546 3458 tuo,
562 3391 593 3447 et
613 3407 652 3448 ne
665 3387 839 3449 memineris
853 3386 998 3466 iniquita·

78 3499 147 3552 tum
169 3490 236 3570 ejus
256 3491 460 3572 antiquarum,
482 3497 514 3555 et
539 3491 719 3554 ebrietatum
743 3510 819 3571 quas
840 3490 1000 3552 suscitavit

920 3721 1058 3855 ι
