2234 4006
44 314 49 325 .
102 275 144 329 84
452 287 494 328 D!
514 286 671 334 mm„-

139 429 215 492 ‘libi
235 428 295 491 soli
318 428 456 510 peccavi,
476 444 509 490 et
531 429 646 490 ιιὶιιιι
665 448 770 490 corun
789 435 823 490 tc
849 429 932 492 fecis
951 433 969 469 ¹*
985 437 1014 492 ut

98 528 280 618 justibccsis
292 533 325 593 in
336 533 524 594 sermonibus
536 534 611 605 tuis,
622 542 655 596 et
663 534 771 596 vincas
781 534 852 596 cum
862 536 1012 616 judicaris.

139 642 223 702 Ecce
239 640 320 702 enim
333 640 366 700 in
385 639 600 719 iniquitatibus
620 647 787 722 conceptus
801 661 891 701 sumt
905 647 923 680 ¹*
936 649 965 703 ct
983 641 1008 701 iu

98 746 233 830 peccatis
247 746 389 826 concepit
401 765 449 805 mc
462 752 564 806 mater
578 765 657 806 mea.

139 852 223 913 Ecce
236 851 317 912 enim
330 851 494 912 veritatem
511 851 670 913 dilexistis
685 856 702 888 ³
715 850 837 912 incerta
849 857 884 914 et
902 851 1006 913 occulto

100 958 256 1041 sapientiae
270 964 332 1018 tnae
346 957 550 1018 manifestasti
564 957 648 1017 milri.

140 1065 295 1147 Asperges
315 1085 364 1125 me
383 1063 527 1145 hyssopo,
541 1070 574 1125 et
593 1063 779 1125 mundaborz
793 1063 941 1127 *lavabis
958 1082 1004 1131 mc,

104 1178 137 1233 et
152 1171 358 1252 supernivem
371 1171 544 1231 dealbabor.
817 1216 821 1221 .
1011 1244 1015 1254 Ι

141 1277 272 1338 Anditni
292 1298 360 1338 meo
374 1277 461 1369 dabis
479 1275 624 1357 gandium
638 1282 672 1338 et
682 1275 843 1338 letitiam:
857 1280 876 1316 *
889 1282 922 1365 ct
933 1275 1002 1338 exul·

100 1386 210 1445 tabunt
223 1404 291 1444 ossa
304 1383 472 1444 humiliata.

140 1492 258 1552 Averte
278 1491 387 1552 faciem
407 1497 491 1552 tuam
512 1492 533 1550 al
551 1489 688 1572 peccatis
707 1489 802 1550 meis:
824 1494 843 1528 *
864 1496 896 1552 et
915 1507 1003 1550 omncs
1047 1536 1051 1576 ξ

101 1595 280 1676 iniquitates
293 1616 376 1657 meas
390 1596 470 1656 dele.
1047 1673 1050 1681 Ι

140 1703 202 1765 Cor
215 1703 363 1764 mundum
374 1723 445 1764 crea
454 1701 487 1762 in
498 1722 547 1763 mc
559 1703 663 1763 Deus:
675 1705 693 1740 ¹*
703 1707 736 1764 ct
749 1701 892 1783 spiritum
902 1706 1005 1764 rectun
1047 1764 1050 1788 ι

99 1810 212 1873 innova
224 1809 258 1871 in
270 1809 439 1871 visceribus
453 1808 539 1869 meis.
948 1816 951 1821 '
981 1888 984 1893 „
1047 1883 1050 1891 1

138 1919 190 1978 Ne
210 1916 352 1998 projicias
367 1935 415 1975 me
430 1916 450 1974 a
464 1914 543 1976 facie
556 1920 628 1975 tua:
642 1917 660 1952 ¹*
673 1918 706 1974 et
724 1912 867 1996 spiritum
881 1902 1005 1977 sanctum
1048 1976 1050 1985 ,

99 2032 185 2087 tuum
199 2042 240 2084 ne
256 2023 376 2083 auferas
391 2023 411 2080 a
424 2042 483 2082 me.
951 2078 954 2084 ,

138 2126 251 2186 Redde
264 2126 337 2186 mihi
350 2121 488 2186 letitiam
502 2124 645 2188 salutaris
658 2123 722 2187 toi:
737 2128 755 2162 *
768 2131 802 2186 et
814 2123 925 2206 spiritu
938 2121 1004 2205 prin·
1021 2180 1024 2185 Α

100 2231 195 2315 cipali
210 2230 356 2291 confirma
368 2251 426 2290 me.
479 2228 482 2232 ’
845 2230 848 2235 '

142 2336 266 2396 Docebo
286 2333 407 2415 iniquos
421 2332 486 2394 vius
505 2339 593 2396 tuas:
608 2337 625 2373 ¹*
639 2341 672 2396 et
688 2333 774 2417 impii
788 2316 827 2396 ad
841 2341 881 2397 ·te
894 2353 1007 2396 conver·

102 2446 217 2504 tentur.
602 2498 605 2502 .

140 2541 253 2604 Libera
285 2561 335 2602 me
360 2537 400 2602 de
436 2540 632 2622 sanguinibus
666 2539 762 2612 Dens,
790 2541 877 2603 Deus
892 2630 895 2634 ι
913 2537 1007 2602 salutis

99 2670 173 2713 meae
188 2671 197 2708 ε
214 2653 231 2688 *
246 2655 277 2710 et
291 2646 440 2709 exultabit
458 2646 564 2729 lingua
577 2668 645 2710 mea
659 2647 811 2728 justitiam
830 2653 927 2709 tuam.

138 2754 268 2815 Domine
288 2753 369 2815 labia
384 2773 451 2815 mea
464 2753 600 2835 aperies:
615 2757 632 2792 *
646 2760 678 2814 et
692 2774 725 2815 os
740 2773 840 2814 meum
854 2751 1007 2814 annuntia·

98 2860 144 2923 bit
157 2860 278 2921 laudem
292 2866 386 2921 tuam.

137 2965 288 3041 Quoniam
300 2965 326 3026 si
335 2965 485 3027 voluisses
497 2963 692 3036 sacrificinm,
703 2963 858 3026 dedissem
869 2962 975 3043 utique
984 2962 1011 3020 ι’

97 3070 283 3135 holocaustis
297 3089 358 3131 non
372 3071 587 3132 delectaberis.
772 3145 775 3148 ἦ

137 3175 327 3238 Sacrificium
347 3176 413 3237 Deo
433 3175 558 3257 spiritus
579 3167 819 3239 contribulatus:
833 3179 853 3216 ³*
874 3196 929 3237 cor
942 3193 1008 3237 con·

97 3282 204 3347 tritum
218 3288 250 3346 et
262 3280 453 3342 humiliatum
467 3283 552 3342 Deus
567 3301 629 3343 non
643 3282 812 3365 despicies.

138 3386 274 3470 Benignd
289 3385 336 3448 fac
359 3385 489 3447 Domine
508 3384 541 3446 in
554 3389 634 3449 bona
646 3390 805 3452 voluntate
825 3392 881 3451 tua
895 3387 988 3452 Sion:
1000 3386 1015 3425 ⁶

96 3500 133 3560 ut
146 3493 337 3559 edificentur
353 3491 433 3556 muri
445 3493 625 3557 Jerusalem.
