<?xml version="1.0" encoding="UTF-8"?>
<!DOCTYPE html PUBLIC "-//W3C//DTD XHTML 1.0 Transitional//EN"
    "http://www.w3.org/TR/xhtml1/DTD/xhtml1-transitional.dtd">
<html xmlns="http://www.w3.org/1999/xhtml" xml:lang="en" lang="en">
 <head>
  <title>
</title>
<meta http-equiv="Content-Type" content="text/html;charset=utf-8" />
  <meta name='ocr-system' content='tesseract 3.04.00' />
  <meta name='ocr-capabilities' content='ocr_page ocr_carea ocr_par ocr_line ocrx_word'/>
</head>
<body>
  <div class='ocr_page' id='page_1' title='image "./compendiumritua00mdgoog_0115.png"; bbox 0 0 2234 4006; ppageno 0'>
   <div class='ocr_carea' id='block_1_1' title="bbox 88 261 795 347">
    <p class='ocr_par' dir='ltr' id='par_1_1' title="bbox 88 261 795 347">
     <span class='ocr_line' id='line_1_1' title="bbox 88 261 795 347; baseline -0.003 -29"><span class='ocrx_word' id='word_1_1' title='bbox 88 261 147 320; x_wconf 84' lang='lat'>104</span> <span class='ocrx_word' id='word_1_2' title='bbox 305 274 356 317; x_wconf 82' lang='lat' dir='ltr'>nn</span> <span class='ocrx_word' id='word_1_3' title='bbox 376 273 577 347; x_wconf 75' lang='lat' dir='ltr'>sscnaunnno</span> <span class='ocrx_word' id='word_1_4' title='bbox 597 272 795 319; x_wconf 72' lang='lat' dir='ltr'>narnmonn.</span> 
     </span>
    </p>
   </div>
   <div class='ocr_carea' id='block_1_2' title="bbox 1 416 998 3636">
    <p class='ocr_par' dir='ltr' id='par_1_2' title="bbox 31 416 998 1061">
     <span class='ocr_line' id='line_1_2' title="bbox 31 416 994 511; baseline 0.001 -31"><span class='ocrx_word' id='word_1_5' title='bbox 31 430 33 435; x_wconf 84' lang='grc'><strong><em>·</em></strong></span> <span class='ocrx_word' id='word_1_6' title='bbox 112 419 240 480; x_wconf 69' lang='lat' dir='ltr'>vCaveat</span> <span class='ocrx_word' id='word_1_7' title='bbox 254 417 403 511; x_wconf 70' lang='lat' dir='ltr'>preterea</span> <span class='ocrx_word' id='word_1_8' title='bbox 424 416 589 490; x_wconf 87' lang='lat' dir='ltr'>Paroehus,</span> <span class='ocrx_word' id='word_1_9' title='bbox 603 437 643 479; x_wconf 89' lang='lat' dir='ltr'>ne</span> <span class='ocrx_word' id='word_1_10' title='bbox 657 418 747 481; x_wconf 73' lang='lat' dir='ltr'>facile</span> <span class='ocrx_word' id='word_1_11' title='bbox 760 417 797 481; x_wconf 87' lang='lat' dir='ltr'>ad</span> <span class='ocrx_word' id='word_1_12' title='bbox 817 416 994 481; x_wconf 86' lang='lat' dir='ltr'>contrahen-</span> 
     </span>
     <span class='ocr_line' id='line_1_3' title="bbox 85 497 998 582; baseline 0.002 -22"><span class='ocrx_word' id='word_1_13' title='bbox 85 500 158 560; x_wconf 89' lang='lat' dir='ltr'>dum</span> <span class='ocrx_word' id='word_1_14' title='bbox 180 497 401 560; x_wconf 78' lang='lat' dir='ltr'>matrimonium</span> <span class='ocrx_word' id='word_1_15' title='bbox 425 498 568 560; x_wconf 86' lang='lat' dir='ltr'>admittat</span> <span class='ocrx_word' id='word_1_16' title='bbox 588 518 679 580; x_wconf 82' lang='lat' dir='ltr'>vagos</span> <span class='ocrx_word' id='word_1_17' title='bbox 704 506 737 561; x_wconf 86' lang='lat' dir='ltr'>et</span> <span class='ocrx_word' id='word_1_18' title='bbox 759 498 951 582; x_wconf 83' lang='lat' dir='ltr'>peregrinos,</span> <span class='ocrx_word' id='word_1_19' title='bbox 971 507 998 562; x_wconf 85' lang='lat' dir='ltr'>et</span> 
     </span>
     <span class='ocr_line' id='line_1_4' title="bbox 84 577 997 660; baseline 0.002 -21"><span class='ocrx_word' id='word_1_20' title='bbox 84 579 138 659; x_wconf 94' lang='lat' dir='ltr'>qui</span> <span class='ocrx_word' id='word_1_21' title='bbox 158 578 290 640; x_wconf 88' lang='lat' dir='ltr'>incertas</span> <span class='ocrx_word' id='word_1_22' title='bbox 304 577 416 640; x_wconf 80' lang='lat' dir='ltr'>liabent</span> <span class='ocrx_word' id='word_1_23' title='bbox 429 579 517 639; x_wconf 89' lang='lat' dir='ltr'>sedes</span> <span class='ocrx_word' id='word_1_24' title='bbox 526 598 536 650; x_wconf 81' lang='lat'><em>3</em></span> <span class='ocrx_word' id='word_1_25' title='bbox 557 598 658 660; x_wconf 88' lang='lat' dir='ltr'>neque</span> <span class='ocrx_word' id='word_1_26' title='bbox 674 579 745 642; x_wconf 85' lang='lat' dir='ltr'>item</span> <span class='ocrx_word' id='word_1_27' title='bbox 760 600 824 651; x_wconf 89' lang='lat' dir='ltr'>eos,</span> <span class='ocrx_word' id='word_1_28' title='bbox 839 580 896 660; x_wconf 92' lang='lat' dir='ltr'>qui</span> <span class='ocrx_word' id='word_1_29' title='bbox 911 583 997 642; x_wconf 75' lang='lat' dir='ltr'>antei</span> 
     </span>
     <span class='ocr_line' id='line_1_5' title="bbox 85 656 996 743; baseline 0.003 -22"><span class='ocrx_word' id='word_1_30' title='bbox 85 657 239 741; x_wconf 71' lang='lat' dir='ltr'>conjugati</span> <span class='ocrx_word' id='word_1_31' title='bbox 256 656 398 730; x_wconf 79' lang='lat' dir='ltr'>fuerunt3</span> <span class='ocrx_word' id='word_1_32' title='bbox 418 665 454 720; x_wconf 95' lang='lat' dir='ltr'>ut</span> <span class='ocrx_word' id='word_1_33' title='bbox 467 666 540 721; x_wconf 89' lang='lat' dir='ltr'>sunt</span> <span class='ocrx_word' id='word_1_34' title='bbox 552 679 661 721; x_wconf 85' lang='lat' dir='ltr'>uxores</span> <span class='ocrx_word' id='word_1_35' title='bbox 676 659 817 731; x_wconf 89' lang='lat' dir='ltr'>militum,</span> <span class='ocrx_word' id='word_1_36' title='bbox 832 662 885 721; x_wconf 85' lang='lat' dir='ltr'>vel</span> <span class='ocrx_word' id='word_1_37' title='bbox 908 661 996 743; x_wconf 84' lang='lat' dir='ltr'>capti·</span> 
     </span>
     <span class='ocr_line' id='line_1_6' title="bbox 84 738 997 833; baseline 0.002 -32"><span class='ocrx_word' id='word_1_38' title='bbox 84 738 259 823; x_wconf 61' lang='lat' dir='ltr'>vocemve}</span> <span class='ocrx_word' id='word_1_39' title='bbox 273 738 412 810; x_wconf 89' lang='lat' dir='ltr'>eliorum,</span> <span class='ocrx_word' id='word_1_40' title='bbox 423 739 477 833; x_wconf 78' lang='lat' dir='ltr'>qui</span> <span class='ocrx_word' id='word_1_41' title='bbox 490 740 722 833; x_wconf 68' lang='lat' dir='ltr'>peregrinantur</span> <span class='ocrx_word' id='word_1_42' title='bbox 730 759 740 811; x_wconf 81' lang='lat'><em>3</em></span> <span class='ocrx_word' id='word_1_43' title='bbox 760 740 822 802; x_wconf 89' lang='lat' dir='ltr'>nisi</span> <span class='ocrx_word' id='word_1_44' title='bbox 836 740 997 823; x_wconf 74' lang='lat' dir='ltr'>diligenter</span> 
     </span>
     <span class='ocr_line' id='line_1_7' title="bbox 83 816 997 900; baseline 0.001 -20"><span class='ocrx_word' id='word_1_45' title='bbox 83 818 125 882; x_wconf 89' lang='lat' dir='ltr'>de</span> <span class='ocrx_word' id='word_1_46' title='bbox 137 816 176 880; x_wconf 87' lang='lat' dir='ltr'>iis</span> <span class='ocrx_word' id='word_1_47' title='bbox 189 818 327 887; x_wconf 88' lang='lat' dir='ltr'>omnibus</span> <span class='ocrx_word' id='word_1_48' title='bbox 341 819 424 881; x_wconf 86' lang='lat' dir='ltr'>facta</span> <span class='ocrx_word' id='word_1_49' title='bbox 436 820 645 900; x_wconf 72' lang='lat' dir='ltr'>inquisitione,</span> <span class='ocrx_word' id='word_1_50' title='bbox 660 827 692 882; x_wconf 86' lang='lat' dir='ltr'>et</span> <span class='ocrx_word' id='word_1_51' title='bbox 704 841 737 882; x_wconf 91' lang='lat' dir='ltr'>re</span> <span class='ocrx_word' id='word_1_52' title='bbox 751 820 789 881; x_wconf 90' lang='lat' dir='ltr'>ad</span> <span class='ocrx_word' id='word_1_53' title='bbox 805 820 997 883; x_wconf 78' lang='lat' dir='ltr'>ordinarium</span> 
     </span>
     <span class='ocr_line' id='line_1_8' title="bbox 82 898 997 981; baseline 0.004 -21"><span class='ocrx_word' id='word_1_54' title='bbox 82 899 195 972; x_wconf 84' lang='lat' dir='ltr'>delata,</span> <span class='ocrx_word' id='word_1_55' title='bbox 210 901 247 961; x_wconf 90' lang='lat' dir='ltr'>ab</span> <span class='ocrx_word' id='word_1_56' title='bbox 261 920 357 979; x_wconf 90' lang='lat' dir='ltr'>eoque</span> <span class='ocrx_word' id='word_1_57' title='bbox 377 898 479 961; x_wconf 91' lang='lat' dir='ltr'>habita</span> <span class='ocrx_word' id='word_1_58' title='bbox 492 900 532 960; x_wconf 88' lang='lat' dir='ltr'>de</span> <span class='ocrx_word' id='word_1_59' title='bbox 547 900 696 981; x_wconf 87' lang='lat' dir='ltr'>ejusmodi</span> <span class='ocrx_word' id='word_1_60' title='bbox 717 900 905 964; x_wconf 84' lang='lat' dir='ltr'>matrimonii</span> <span class='ocrx_word' id='word_1_61' title='bbox 921 903 997 965; x_wconf 88' lang='lat' dir='ltr'>cele·</span> 
     </span>
     <span class='ocr_line' id='line_1_9' title="bbox 80 979 737 1061; baseline 0.003 -21"><span class='ocrx_word' id='word_1_62' title='bbox 80 979 189 1041; x_wconf 87' lang='lat' dir='ltr'>brandi</span> <span class='ocrx_word' id='word_1_63' title='bbox 201 979 338 1050; x_wconf 88' lang='lat' dir='ltr'>licentia,</span> <span class='ocrx_word' id='word_1_64' title='bbox 353 1000 420 1059; x_wconf 80' lang='lat' dir='ltr'>ques</span> <span class='ocrx_word' id='word_1_65' title='bbox 433 980 528 1061; x_wconf 83' lang='lat' dir='ltr'>gratis</span> <span class='ocrx_word' id='word_1_66' title='bbox 542 981 737 1043; x_wconf 83' lang='lat' dir='ltr'>concedatur.</span> 
     </span>
    </p>

    <p class='ocr_par' dir='ltr' id='par_1_3' title="bbox 1 1060 997 1463">
     <span class='ocr_line' id='line_1_10' title="bbox 1 1060 996 1156; baseline 0.003 -35"><span class='ocrx_word' id='word_1_67' title='bbox 1 1062 5 1078; x_wconf 86' lang='lat'><strong><em>¹</em></strong></span> <span class='ocrx_word' id='word_1_68' title='bbox 122 1061 298 1141; x_wconf 80' lang='lat' dir='ltr'>Antequam</span> <span class='ocrx_word' id='word_1_69' title='bbox 317 1060 541 1137; x_wconf 78' lang='lat' dir='ltr'>matrimonium</span> <span class='ocrx_word' id='word_1_70' title='bbox 562 1062 768 1133; x_wconf 87' lang='lat' dir='ltr'>contrahatur,</span> <span class='ocrx_word' id='word_1_71' title='bbox 781 1067 831 1124; x_wconf 89' lang='lat' dir='ltr'>ter</span> <span class='ocrx_word' id='word_1_72' title='bbox 844 1063 866 1120; x_wconf 73' lang='lat' dir='ltr'>a</span> <span class='ocrx_word' id='word_1_73' title='bbox 879 1072 937 1156; x_wconf 86' lang='lat' dir='ltr'>pr&#39;o</span> <span class='ocrx_word' id='word_1_74' title='bbox 956 1061 996 1124; x_wconf 91' lang='lat' dir='ltr'>rio</span> 
     </span>
     <span class='ocr_line' id='line_1_11' title="bbox 11 1084 995 1251; baseline 0.003 -50"><span class='ocrx_word' id='word_1_75' title='bbox 11 1168 15 1173; x_wconf 96' lang='lat'>·</span> <span class='ocrx_word' id='word_1_76' title='bbox 31 1222 35 1229; x_wconf 22' lang='lat'>²</span> <span class='ocrx_word' id='word_1_77' title='bbox 57 1212 73 1251; x_wconf 70' lang='lat'>.,</span> <span class='ocrx_word' id='word_1_78' title='bbox 82 1140 324 1235; x_wconf 70' lang='lat' dir='ltr'>contrabentium</span> <span class='ocrx_word' id='word_1_79' title='bbox 344 1141 480 1235; x_wconf 67' lang='lat' dir='ltr'>l‘arocho</span> <span class='ocrx_word' id='word_1_80' title='bbox 494 1142 647 1236; x_wconf 79' lang='lat' dir='ltr'>continuis</span> <span class='ocrx_word' id='word_1_81' title='bbox 660 1142 767 1236; x_wconf 82' lang='lat' dir='ltr'>diebus</span> <span class='ocrx_word' id='word_1_82' title='bbox 780 1141 871 1236; x_wconf 65' lang='lat' dir='ltr'>iestis</span> <span class='ocrx_word' id='word_1_83' title='bbox 886 1163 921 1204; x_wconf 83' lang='lat' dir='ltr'>in</span> <span class='ocrx_word' id='word_1_84' title='bbox 937 1084 995 1238; x_wconf 43' lang='lat' dir='ltr'>ling</span> 
     </span>
     <span class='ocr_line' id='line_1_12' title="bbox 19 1221 997 1389; baseline 0.004 -26"><span class='ocrx_word' id='word_1_85' title='bbox 19 1222 291 1384; x_wconf 55' lang='lat' dir='ltr'>*attinuit</span> <span class='ocrx_word' id='word_1_86' title='bbox 310 1221 997 1389; x_wconf 51' lang='lat' dir='ltr'>ttttttettlttttttt&#39;tfttd</span> 
     </span>
     <span class='ocr_line' id='line_1_13' title="bbox 80 1382 775 1463; baseline 0 -20"><span class='ocrx_word' id='word_1_87' title='bbox 80 1382 214 1443; x_wconf 89' lang='lat' dir='ltr'>monium</span> <span class='ocrx_word' id='word_1_88' title='bbox 229 1383 270 1445; x_wconf 90' lang='lat' dir='ltr'>sit</span> <span class='ocrx_word' id='word_1_89' title='bbox 281 1383 530 1445; x_wconf 86' lang='lat' dir='ltr'>contrabendum.</span> <span class='ocrx_word' id='word_1_90' title='bbox 773 1459 775 1463; x_wconf 10' lang='lat'><strong>¹</strong></span> 
     </span>
    </p>

    <p class='ocr_par' dir='ltr' id='par_1_4' title="bbox 2 1460 995 1787">
     <span class='ocr_line' id='line_1_14' title="bbox 2 1460 994 1537; baseline 0.004 -14"><span class='ocrx_word' id='word_1_91' title='bbox 2 1480 4 1487; x_wconf 90' lang='lat'>·</span> <span class='ocrx_word' id='word_1_92' title='bbox 122 1463 156 1523; x_wconf 87' lang='lat' dir='ltr'>Si</span> <span class='ocrx_word' id='word_1_93' title='bbox 178 1461 253 1523; x_wconf 73' lang='lat' dir='ltr'>uero</span> <span class='ocrx_word' id='word_1_94' title='bbox 277 1462 325 1522; x_wconf 88' lang='lat' dir='ltr'>vir</span> <span class='ocrx_word' id='word_1_95' title='bbox 348 1469 381 1523; x_wconf 89' lang='lat' dir='ltr'>et</span> <span class='ocrx_word' id='word_1_96' title='bbox 404 1462 514 1524; x_wconf 87' lang='lat' dir='ltr'>mulier</span> <span class='ocrx_word' id='word_1_97' title='bbox 537 1460 690 1526; x_wconf 79' lang='lat' dir='ltr'>Parochiae</span> <span class='ocrx_word' id='word_1_98' title='bbox 716 1461 779 1526; x_wconf 91' lang='lat' dir='ltr'>sint</span> <span class='ocrx_word' id='word_1_99' title='bbox 800 1460 944 1537; x_wconf 78' lang='lat' dir='ltr'>diversae,</span> <span class='ocrx_word' id='word_1_100' title='bbox 961 1466 994 1527; x_wconf 92' lang='lat' dir='ltr'>-iu</span> 
     </span>
     <span class='ocr_line' id='line_1_15' title="bbox 61 1541 994 1624; baseline 0.002 -19"><span class='ocrx_word' id='word_1_101' title='bbox 61 1546 64 1551; x_wconf 84' lang='lat'>&#39;</span> <span class='ocrx_word' id='word_1_102' title='bbox 80 1546 210 1624; x_wconf 87' lang='lat' dir='ltr'>utraque</span> <span class='ocrx_word' id='word_1_103' title='bbox 225 1541 371 1604; x_wconf 88' lang='lat' dir='ltr'>Parochia</span> <span class='ocrx_word' id='word_1_104' title='bbox 383 1541 734 1605; x_wconf 80' lang='lat' dir='ltr'>liant-denuntiationes:</span> <span class='ocrx_word' id='word_1_105' title='bbox 755 1542 868 1624; x_wconf 75' lang='lat' dir='ltr'>quibus</span> <span class='ocrx_word' id='word_1_106' title='bbox 879 1545 994 1607; x_wconf 89' lang='lat' dir='ltr'>denun-</span> 
     </span>
     <span class='ocr_line' id='line_1_16' title="bbox 80 1622 995 1717; baseline 0.001 -31"><span class='ocrx_word' id='word_1_107' title='bbox 80 1622 256 1687; x_wconf 86' lang='lat' dir='ltr'>tiationibus</span> <span class='ocrx_word' id='word_1_108' title='bbox 276 1622 378 1695; x_wconf 82' lang='lat' dir='ltr'>factis,</span> <span class='ocrx_word' id='word_1_109' title='bbox 392 1622 419 1683; x_wconf 89' lang='lat' dir='ltr'>si</span> <span class='ocrx_word' id='word_1_110' title='bbox 438 1623 556 1684; x_wconf 91' lang='lat' dir='ltr'>nullum</span> <span class='ocrx_word' id='word_1_111' title='bbox 571 1623 740 1706; x_wconf 81' lang='lat' dir='ltr'>legitimum</span> <span class='ocrx_word' id='word_1_112' title='bbox 754 1632 927 1717; x_wconf 84' lang='lat' dir='ltr'>opponatur</span> <span class='ocrx_word' id='word_1_113' title='bbox 944 1627 995 1687; x_wconf 90' lang='lat' dir='ltr'>im·</span> 
     </span>
     <span class='ocr_line' id='line_1_17' title="bbox 102 1702 994 1787; baseline 0.003 -23"><span class='ocrx_word' id='word_1_114' title='bbox 102 1703 298 1775; x_wconf 90' lang='lat' dir='ltr'>edimentum,</span> <span class='ocrx_word' id='word_1_115' title='bbox 309 1703 349 1764; x_wconf 92' lang='lat' dir='ltr'>ad</span> <span class='ocrx_word' id='word_1_116' title='bbox 361 1702 594 1765; x_wconf 80' lang='lat' dir='ltr'>celebrationem</span> <span class='ocrx_word' id='word_1_117' title='bbox 605 1704 788 1769; x_wconf 83' lang='lat' dir='ltr'>matrimonii</span> <span class='ocrx_word' id='word_1_118' title='bbox 802 1706 994 1787; x_wconf 88' lang='lat' dir='ltr'>procedatur.</span> 
     </span>
    </p>

    <p class='ocr_par' dir='ltr' id='par_1_5' title="bbox 80 1725 912 1866">
     <span class='ocr_line' id='line_1_18' title="bbox 80 1725 912 1866; baseline 0.002 -20"><span class='ocrx_word' id='word_1_119' title='bbox 80 1725 144 1846; x_wconf 63' lang='lat' dir='ltr'>bed</span> <span class='ocrx_word' id='word_1_120' title='bbox 158 1785 184 1847; x_wconf 87' lang='lat' dir='ltr'>si</span> <span class='ocrx_word' id='word_1_121' title='bbox 198 1784 274 1866; x_wconf 92' lang='lat' dir='ltr'>quid</span> <span class='ocrx_word' id='word_1_122' title='bbox 288 1786 397 1856; x_wconf 89' lang='lat' dir='ltr'>obstat,</span> <span class='ocrx_word' id='word_1_123' title='bbox 412 1784 497 1845; x_wconf 75' lang='lat' dir='ltr'>ultra</span> <span class='ocrx_word' id='word_1_124' title='bbox 510 1782 663 1846; x_wconf 87' lang='lat' dir='ltr'>Parochus</span> <span class='ocrx_word' id='word_1_125' title='bbox 676 1803 738 1846; x_wconf 92' lang='lat' dir='ltr'>non</span> <span class='ocrx_word' id='word_1_126' title='bbox 751 1785 912 1866; x_wconf 78' lang='lat' dir='ltr'>procedat.</span> 
     </span>
    </p>

    <p class='ocr_par' dir='ltr' id='par_1_6' title="bbox 74 1864 996 2668">
     <span class='ocr_line' id='line_1_19' title="bbox 121 1864 994 1947; baseline 0.001 -21"><span class='ocrx_word' id='word_1_127' title='bbox 121 1864 211 1941; x_wconf 77' lang='lat' dir='ltr'>Quod</span> <span class='ocrx_word' id='word_1_128' title='bbox 235 1865 262 1927; x_wconf 91' lang='lat' dir='ltr'>si</span> <span class='ocrx_word' id='word_1_129' title='bbox 285 1865 449 1946; x_wconf 83' lang='lat' dir='ltr'>aliquando</span> <span class='ocrx_word' id='word_1_130' title='bbox 472 1864 635 1944; x_wconf 88' lang='lat' dir='ltr'>probabilis</span> <span class='ocrx_word' id='word_1_131' title='bbox 659 1865 753 1926; x_wconf 85' lang='lat' dir='ltr'>fuerit</span> <span class='ocrx_word' id='word_1_132' title='bbox 775 1866 924 1947; x_wconf 88' lang='lat' dir='ltr'>suspicio,</span> <span class='ocrx_word' id='word_1_133' title='bbox 947 1868 994 1929; x_wconf 88' lang='lat' dir='ltr'>vel</span> 
     </span>
     <span class='ocr_line' id='line_1_20' title="bbox 79 1944 995 2029; baseline 0.004 -23"><span class='ocrx_word' id='word_1_134' title='bbox 79 1945 139 2007; x_wconf 88' lang='lat' dir='ltr'>alia</span> <span class='ocrx_word' id='word_1_135' title='bbox 153 1946 340 2009; x_wconf 88' lang='lat' dir='ltr'>rationabilis</span> <span class='ocrx_word' id='word_1_136' title='bbox 355 1965 446 2007; x_wconf 90' lang='lat' dir='ltr'>causa</span> <span class='ocrx_word' id='word_1_137' title='bbox 459 1945 566 2016; x_wconf 81' lang='lat' dir='ltr'>subsit,</span> <span class='ocrx_word' id='word_1_138' title='bbox 580 1944 705 2007; x_wconf 87' lang='lat' dir='ltr'>arbitrio</span> <span class='ocrx_word' id='word_1_139' title='bbox 721 1946 880 2029; x_wconf 86' lang='lat' dir='ltr'>Episcopi,</span> <span class='ocrx_word' id='word_1_140' title='bbox 894 1947 995 2010; x_wconf 88' lang='lat' dir='ltr'>matri·</span> 
     </span>
     <span class='ocr_line' id='line_1_21' title="bbox 79 2024 995 2108; baseline 0.004 -23"><span class='ocrx_word' id='word_1_141' title='bbox 79 2027 214 2087; x_wconf 91' lang='lat' dir='ltr'>monium</span> <span class='ocrx_word' id='word_1_142' title='bbox 234 2025 383 2087; x_wconf 74' lang='lat' dir='ltr'>malitiose</span> <span class='ocrx_word' id='word_1_143' title='bbox 396 2025 535 2108; x_wconf 89' lang='lat' dir='ltr'>impediri</span> <span class='ocrx_word' id='word_1_144' title='bbox 556 2044 656 2106; x_wconf 86' lang='lat' dir='ltr'>posse,</span> <span class='ocrx_word' id='word_1_145' title='bbox 671 2024 699 2088; x_wconf 77' lang='lat' dir='ltr'>ei</span> <span class='ocrx_word' id='word_1_146' title='bbox 718 2033 763 2088; x_wconf 92' lang='lat' dir='ltr'>tot</span> <span class='ocrx_word' id='word_1_147' title='bbox 782 2028 995 2107; x_wconf 79' lang='lat' dir='ltr'>precesserint</span> 
     </span>
     <span class='ocr_line' id='line_1_22' title="bbox 74 2104 996 2178; baseline 0.005 -13"><span class='ocrx_word' id='word_1_148' title='bbox 74 2105 345 2176; x_wconf 73' lang='lat' dir='ltr'>‘denuntiationes3</span> <span class='ocrx_word' id='word_1_149' title='bbox 369 2113 443 2177; x_wconf 78' lang='lat' dir='ltr'>tunc</span> <span class='ocrx_word' id='word_1_150' title='bbox 469 2106 508 2167; x_wconf 93' lang='lat' dir='ltr'>de</span> <span class='ocrx_word' id='word_1_151' title='bbox 531 2104 657 2168; x_wconf 84' lang='lat' dir='ltr'>licentia</span> <span class='ocrx_word' id='word_1_152' title='bbox 676 2105 842 2178; x_wconf 87' lang='lat' dir='ltr'>Ordinarii,</span> <span class='ocrx_word' id='word_1_153' title='bbox 861 2108 915 2170; x_wconf 77' lang='lat' dir='ltr'>uel</span> <span class='ocrx_word' id='word_1_154' title='bbox 937 2128 996 2170; x_wconf 87' lang='lat' dir='ltr'>una</span> 
     </span>
     <span class='ocr_line' id='line_1_23' title="bbox 78 2182 993 2261; baseline 0.005 -15"><span class='ocrx_word' id='word_1_155' title='bbox 78 2185 196 2246; x_wconf 82' lang='lat' dir='ltr'>tantum</span> <span class='ocrx_word' id='word_1_156' title='bbox 209 2182 265 2247; x_wconf 88' lang='lat' dir='ltr'>liat</span> <span class='ocrx_word' id='word_1_157' title='bbox 275 2184 475 2256; x_wconf 82' lang='lat' dir='ltr'>denuntiatio,</span> <span class='ocrx_word' id='word_1_158' title='bbox 486 2186 536 2246; x_wconf 86' lang='lat' dir='ltr'>vel</span> <span class='ocrx_word' id='word_1_159' title='bbox 551 2188 659 2248; x_wconf 87' lang='lat' dir='ltr'>saltem</span> <span class='ocrx_word' id='word_1_160' title='bbox 673 2186 820 2259; x_wconf 86' lang='lat' dir='ltr'>Parochu,</span> <span class='ocrx_word' id='word_1_161' title='bbox 832 2184 868 2249; x_wconf 81' lang='lat' dir='ltr'>et&#39;</span> <span class='ocrx_word' id='word_1_162' title='bbox 878 2189 993 2261; x_wconf 84' lang='lat' dir='ltr'>duobus</span> 
     </span>
     <span class='ocr_line' id='line_1_24' title="bbox 78 2263 993 2344; baseline 0.007 -19"><span class='ocrx_word' id='word_1_163' title='bbox 78 2263 129 2325; x_wconf 84' lang='lat' dir='ltr'>vel</span> <span class='ocrx_word' id='word_1_164' title='bbox 149 2264 247 2326; x_wconf 85' lang='lat' dir='ltr'>tribus</span> <span class='ocrx_word' id='word_1_165' title='bbox 260 2265 389 2325; x_wconf 87' lang='lat' dir='ltr'>testibus</span> <span class='ocrx_word' id='word_1_166' title='bbox 407 2265 606 2344; x_wconf 75' lang='lat' dir='ltr'>presentibus</span> <span class='ocrx_word' id='word_1_167' title='bbox 620 2266 844 2329; x_wconf 83' lang='lat' dir='ltr'>matrimonium</span> <span class='ocrx_word' id='word_1_168' title='bbox 859 2270 993 2332; x_wconf 88' lang='lat' dir='ltr'>celebre·</span> 
     </span>
     <span class='ocr_line' id='line_1_25' title="bbox 78 2343 992 2413; baseline 0.008 -6"><span class='ocrx_word' id='word_1_169' title='bbox 78 2353 140 2407; x_wconf 83' lang='lat' dir='ltr'>tur.</span> <span class='ocrx_word' id='word_1_170' title='bbox 179 2343 300 2407; x_wconf 89' lang='lat' dir='ltr'>Deinde</span> <span class='ocrx_word' id='word_1_171' title='bbox 320 2352 390 2406; x_wconf 88' lang='lat' dir='ltr'>ante</span> <span class='ocrx_word' id='word_1_172' title='bbox 414 2343 499 2407; x_wconf 88' lang='lat' dir='ltr'>illins</span> <span class='ocrx_word' id='word_1_173' title='bbox 520 2348 807 2410; x_wconf 85' lang='lat' dir='ltr'>consummationem</span> <span class='ocrx_word' id='word_1_174' title='bbox 832 2349 992 2413; x_wconf 85' lang='lat' dir='ltr'>denuntia·</span> 
     </span>
     <span class='ocr_line' id='line_1_26' title="bbox 78 2422 993 2513; baseline 0.004 -26"><span class='ocrx_word' id='word_1_175' title='bbox 78 2425 179 2487; x_wconf 87' lang='lat' dir='ltr'>tiones</span> <span class='ocrx_word' id='word_1_176' title='bbox 191 2423 224 2485; x_wconf 93' lang='lat' dir='ltr'>in</span> <span class='ocrx_word' id='word_1_177' title='bbox 240 2424 382 2486; x_wconf 81' lang='lat' dir='ltr'>Ecclesia</span> <span class='ocrx_word' id='word_1_178' title='bbox 395 2422 471 2487; x_wconf 89' lang='lat' dir='ltr'>liant</span> <span class='ocrx_word' id='word_1_179' title='bbox 479 2445 488 2497; x_wconf 90' lang='lat'>;</span> <span class='ocrx_word' id='word_1_180' title='bbox 508 2432 554 2498; x_wconf 92' lang='lat' dir='ltr'>ut,</span> <span class='ocrx_word' id='word_1_181' title='bbox 568 2427 592 2488; x_wconf 92' lang='lat' dir='ltr'>si</span> <span class='ocrx_word' id='word_1_182' title='bbox 607 2427 712 2509; x_wconf 85' lang='lat' dir='ltr'>aliqua</span> <span class='ocrx_word' id='word_1_183' title='bbox 724 2431 853 2490; x_wconf 87' lang='lat' dir='ltr'>subsunt</span> <span class='ocrx_word' id='word_1_184' title='bbox 866 2429 993 2513; x_wconf 89' lang='lat' dir='ltr'>impedi·</span> 
     </span>
     <span class='ocr_line' id='line_1_27' title="bbox 77 2502 992 2593; baseline 0.004 -25"><span class='ocrx_word' id='word_1_185' title='bbox 77 2512 191 2578; x_wconf 88' lang='lat' dir='ltr'>menta,</span> <span class='ocrx_word' id='word_1_186' title='bbox 205 2502 326 2568; x_wconf 78' lang='lat' dir='ltr'>facilius</span> <span class='ocrx_word' id='word_1_187' title='bbox 346 2505 537 2588; x_wconf 78' lang='lat' dir='ltr'>detegantur,</span> <span class='ocrx_word' id='word_1_188' title='bbox 551 2505 612 2569; x_wconf 88' lang='lat' dir='ltr'>nisi</span> <span class='ocrx_word' id='word_1_189' title='bbox 624 2509 715 2572; x_wconf 84' lang='lat' dir='ltr'>aliter</span> <span class='ocrx_word' id='word_1_190' title='bbox 734 2509 917 2573; x_wconf 88' lang='lat' dir='ltr'>Ordinarius</span> <span class='ocrx_word' id='word_1_191' title='bbox 929 2511 992 2593; x_wconf 84' lang='lat' dir='ltr'>ipse</span> 
     </span>
     <span class='ocr_line' id='line_1_28' title="bbox 78 2584 847 2668; baseline -0.001 -18"><span class='ocrx_word' id='word_1_192' title='bbox 78 2609 115 2650; x_wconf 85' lang='lat' dir='ltr'>ex</span> <span class='ocrx_word' id='word_1_193' title='bbox 138 2587 222 2650; x_wconf 89' lang='lat' dir='ltr'>edire</span> <span class='ocrx_word' id='word_1_194' title='bbox 240 2584 437 2668; x_wconf 72' lang='lat' dir='ltr'>judicaverit.</span> <span class='ocrx_word' id='word_1_195' title='bbox 532 2618 534 2624; x_wconf 95' lang='lat'>·</span> <span class='ocrx_word' id='word_1_196' title='bbox 826 2597 847 2634; x_wconf 75' lang='lat'>=¹</span> 
     </span>
    </p>

    <p class='ocr_par' dir='ltr' id='par_1_7' title="bbox 16 2666 991 2893">
     <span class='ocr_line' id='line_1_29' title="bbox 16 2666 991 2755; baseline 0.002 -24"><span class='ocrx_word' id='word_1_197' title='bbox 16 2724 19 2731; x_wconf 93' lang='lat'><em>.</em></span> <span class='ocrx_word' id='word_1_198' title='bbox 151 2690 183 2730; x_wconf 89' lang='lat' dir='ltr'>as</span> <span class='ocrx_word' id='word_1_199' title='bbox 196 2678 297 2731; x_wconf 87' lang='lat' dir='ltr'>autem</span> <span class='ocrx_word' id='word_1_200' title='bbox 311 2666 557 2732; x_wconf 86' lang='lat' dir='ltr'>denuntiationes</span> <span class='ocrx_word' id='word_1_201' title='bbox 575 2668 730 2733; x_wconf 85' lang='lat' dir='ltr'>Paroebus</span> <span class='ocrx_word' id='word_1_202' title='bbox 743 2668 844 2733; x_wconf 85' lang='lat' dir='ltr'>faeere</span> <span class='ocrx_word' id='word_1_203' title='bbox 855 2689 921 2733; x_wconf 89' lang='lat' dir='ltr'>non</span> <span class='ocrx_word' id='word_1_204' title='bbox 940 2690 991 2755; x_wconf 82' lang='lat' dir='ltr'>ag·</span> 
     </span>
     <span class='ocr_line' id='line_1_30' title="bbox 75 2749 991 2833; baseline 0.003 -22"><span class='ocrx_word' id='word_1_205' title='bbox 75 2750 241 2832; x_wconf 78' lang='lat' dir='ltr'>grediatur,</span> <span class='ocrx_word' id='word_1_206' title='bbox 255 2749 316 2811; x_wconf 92' lang='lat' dir='ltr'>nisi</span> <span class='ocrx_word' id='word_1_207' title='bbox 335 2749 417 2831; x_wconf 81' lang='lat' dir='ltr'>pribs</span> <span class='ocrx_word' id='word_1_208' title='bbox 431 2749 470 2811; x_wconf 94' lang='lat' dir='ltr'>de</span> <span class='ocrx_word' id='word_1_209' title='bbox 490 2749 651 2833; x_wconf 88' lang='lat' dir='ltr'>utriusque</span> <span class='ocrx_word' id='word_1_210' title='bbox 670 2750 881 2815; x_wconf 78' lang='lat' dir='ltr'>contrahentia</span> <span class='ocrx_word' id='word_1_211' title='bbox 896 2752 991 2814; x_wconf 88' lang='lat' dir='ltr'>libero</span> 
     </span>
     <span class='ocr_line' id='line_1_31' title="bbox 77 2829 839 2893; baseline 0.001 0"><span class='ocrx_word' id='word_1_212' title='bbox 77 2849 228 2893; x_wconf 88' lang='lat' dir='ltr'>consensu</span> <span class='ocrx_word' id='word_1_213' title='bbox 243 2830 300 2891; x_wconf 86' lang='lat' dir='ltr'>sibi</span> <span class='ocrx_word' id='word_1_214' title='bbox 314 2829 390 2891; x_wconf 73' lang='lat' dir='ltr'>bene</span> <span class='ocrx_word' id='word_1_215' title='bbox 404 2834 534 2893; x_wconf 84' lang='lat' dir='ltr'>constet.</span> <span class='ocrx_word' id='word_1_216' title='bbox 596 2855 599 2860; x_wconf 92' lang='lat'>·</span> <span class='ocrx_word' id='word_1_217' title='bbox 834 2864 839 2879; x_wconf 93' lang='lat'>-·</span> 
     </span>
    </p>

    <p class='ocr_par' dir='ltr' id='par_1_8' title="bbox 75 2909 990 3152">
     <span class='ocr_line' id='line_1_32' title="bbox 117 2909 990 2994; baseline 0.002 -23"><span class='ocrx_word' id='word_1_218' title='bbox 117 2910 151 2971; x_wconf 87' lang='lat' dir='ltr'>Si</span> <span class='ocrx_word' id='word_1_219' title='bbox 161 2909 235 2971; x_wconf 85' lang='lat' dir='ltr'>verd</span> <span class='ocrx_word' id='word_1_220' title='bbox 246 2910 326 2972; x_wconf 84' lang='lat' dir='ltr'>infra</span> <span class='ocrx_word' id='word_1_221' title='bbox 336 2910 412 2972; x_wconf 92' lang='lat' dir='ltr'>duos</span> <span class='ocrx_word' id='word_1_222' title='bbox 424 2926 543 2973; x_wconf 89' lang='lat' dir='ltr'>menses</span> <span class='ocrx_word' id='word_1_223' title='bbox 553 2917 624 2994; x_wconf 85' lang='lat' dir='ltr'>post</span> <span class='ocrx_word' id='word_1_224' title='bbox 638 2911 733 2973; x_wconf 84' lang='lat' dir='ltr'>lactas</span> <span class='ocrx_word' id='word_1_225' title='bbox 745 2910 990 2975; x_wconf 85' lang='lat' dir='ltr'>denuntiationes</span> 
     </span>
     <span class='ocr_line' id='line_1_33' title="bbox 75 2988 990 3075; baseline 0.003 -22"><span class='ocrx_word' id='word_1_226' title='bbox 75 2988 300 3053; x_wconf 89' lang='lat' dir='ltr'>matrimonium</span> <span class='ocrx_word' id='word_1_227' title='bbox 323 3005 383 3051; x_wconf 92' lang='lat' dir='ltr'>non</span> <span class='ocrx_word' id='word_1_228' title='bbox 409 2990 614 3064; x_wconf 84' lang='lat' dir='ltr'>contrahatur,</span> <span class='ocrx_word' id='word_1_229' title='bbox 636 2992 884 3055; x_wconf 88' lang='lat' dir='ltr'>denuntiationes</span> <span class='ocrx_word' id='word_1_230' title='bbox 905 3013 990 3075; x_wconf 91' lang='lat' dir='ltr'>repe·</span> 
     </span>
     <span class='ocr_line' id='line_1_34' title="bbox 75 3066 695 3152; baseline -0.002 -19"><span class='ocrx_word' id='word_1_231' title='bbox 75 3077 191 3141; x_wconf 87' lang='lat' dir='ltr'>tantur,</span> <span class='ocrx_word' id='word_1_232' title='bbox 204 3069 265 3131; x_wconf 91' lang='lat' dir='ltr'>nisi</span> <span class='ocrx_word' id='word_1_233' title='bbox 278 3069 367 3132; x_wconf 86' lang='lat' dir='ltr'>aliter</span> <span class='ocrx_word' id='word_1_234' title='bbox 380 3066 531 3152; x_wconf 81' lang='lat' dir='ltr'>Episcopo</span> <span class='ocrx_word' id='word_1_235' title='bbox 543 3072 695 3135; x_wconf 87' lang='lat' dir='ltr'>videatur.</span> 
     </span>
    </p>

    <p class='ocr_par' dir='ltr' id='par_1_9' title="bbox 75 3149 990 3390">
     <span class='ocr_line' id='line_1_35' title="bbox 97 3149 988 3215; baseline 0.006 -5"><span class='ocrx_word' id='word_1_236' title='bbox 97 3205 100 3210; x_wconf 77' lang='grc'><strong><em>,</em></strong></span> <span class='ocrx_word' id='word_1_237' title='bbox 115 3150 369 3212; x_wconf 89' lang='lat' dir='ltr'>Denuntiatioues</span> <span class='ocrx_word' id='word_1_238' title='bbox 382 3153 483 3212; x_wconf 86' lang='lat' dir='ltr'>autem</span> <span class='ocrx_word' id='word_1_239' title='bbox 496 3149 573 3214; x_wconf 87' lang='lat' dir='ltr'>liant</span> <span class='ocrx_word' id='word_1_240' title='bbox 591 3152 648 3215; x_wconf 93' lang='lat' dir='ltr'>hoc</span> <span class='ocrx_word' id='word_1_241' title='bbox 662 3152 763 3214; x_wconf 84' lang='lat' dir='ltr'>modo.</span> <span class='ocrx_word' id='word_1_242' title='bbox 802 3152 890 3215; x_wconf 92' lang='lat' dir='ltr'>Inter</span> <span class='ocrx_word' id='word_1_243' title='bbox 910 3153 988 3215; x_wconf 88' lang='lat' dir='ltr'>Mis·</span> 
     </span>
     <span class='ocr_line' id='line_1_36' title="bbox 76 3229 990 3314; baseline 0.005 -23"><span class='ocrx_word' id='word_1_244' title='bbox 76 3251 176 3292; x_wconf 92' lang='lat' dir='ltr'>sarum</span> <span class='ocrx_word' id='word_1_245' title='bbox 191 3229 338 3291; x_wconf 88' lang='lat' dir='ltr'>solemnia</span> <span class='ocrx_word' id='word_1_246' title='bbox 353 3229 510 3299; x_wconf 22' lang='lat' dir='ltr'>,unacum</span> <span class='ocrx_word' id='word_1_247' title='bbox 528 3235 668 3314; x_wconf 89' lang='lat' dir='ltr'>populum</span> <span class='ocrx_word' id='word_1_248' title='bbox 684 3235 846 3296; x_wconf 85' lang='lat' dir='ltr'>admoneat</span> <span class='ocrx_word' id='word_1_249' title='bbox 864 3233 899 3296; x_wconf 91' lang='lat' dir='ltr'>in</span> <span class='ocrx_word' id='word_1_250' title='bbox 912 3233 990 3296; x_wconf 87' lang='lat' dir='ltr'>hanc</span> 
     </span>
     <span class='ocr_line' id='line_1_37' title="bbox 75 3307 560 3390; baseline 0 -17"><span class='ocrx_word' id='word_1_251' title='bbox 75 3311 257 3373; x_wconf 87' lang='lat' dir='ltr'>sententiam</span> <span class='ocrx_word' id='word_1_252' title='bbox 271 3307 389 3390; x_wconf 78' lang='lat' dir='ltr'>vulgari</span> <span class='ocrx_word' id='word_1_253' title='bbox 405 3328 560 3373; x_wconf 81' lang='lat' dir='ltr'>sermone:</span> 
     </span>
    </p>

    <p class='ocr_par' dir='ltr' id='par_1_10' title="bbox 76 3387 992 3636">
     <span class='ocr_line' id='line_1_38' title="bbox 117 3387 992 3476; baseline 0.006 -24"><span class='ocrx_word' id='word_1_254' title='bbox 117 3391 227 3452; x_wconf 81' lang='lat' dir='ltr'>Notum</span> <span class='ocrx_word' id='word_1_255' title='bbox 241 3390 282 3450; x_wconf 81' lang='lat' dir='ltr'>ait</span> <span class='ocrx_word' id='word_1_256' title='bbox 302 3387 437 3449; x_wconf 73' lang='lat' dir='ltr'>omnino</span> <span class='ocrx_word' id='word_1_257' title='bbox 454 3389 503 3449; x_wconf 71' lang='lat' dir='ltr'>liic·</span> <span class='ocrx_word' id='word_1_258' title='bbox 519 3395 720 3468; x_wconf 74' lang='lat' dir='ltr'>praesentibus,</span> <span class='ocrx_word' id='word_1_259' title='bbox 735 3393 813 3476; x_wconf 76' lang='lat' dir='ltr'>qnod</span> <span class='ocrx_word' id='word_1_260' title='bbox 834 3390 877 3454; x_wconf 80' lang='lat' dir='ltr'>N.</span> <span class='ocrx_word' id='word_1_261' title='bbox 893 3394 953 3466; x_wconf 81' lang='lat' dir='ltr'>nir,</span> <span class='ocrx_word' id='word_1_262' title='bbox 964 3400 992 3457; x_wconf 80' lang='lat' dir='ltr'>et</span> 
     </span>
     <span class='ocr_line' id='line_1_39' title="bbox 76 3469 990 3554; baseline 0.005 -21"><span class='ocrx_word' id='word_1_263' title='bbox 76 3471 118 3533; x_wconf 91' lang='lat' dir='ltr'>N.</span> <span class='ocrx_word' id='word_1_264' title='bbox 140 3472 252 3544; x_wconf 84' lang='lat' dir='ltr'>mulier,</span> <span class='ocrx_word' id='word_1_265' title='bbox 269 3489 306 3532; x_wconf 78' lang='lat' dir='ltr'>ex</span> <span class='ocrx_word' id='word_1_266' title='bbox 325 3469 383 3529; x_wconf 79' lang='lat' dir='ltr'>tati</span> <span class='ocrx_word' id='word_1_267' title='bbox 402 3469 450 3529; x_wconf 84' lang='lat' dir='ltr'>uel</span> <span class='ocrx_word' id='word_1_268' title='bbox 469 3471 675 3554; x_wconf 83' lang='lat' dir='ltr'>talisomilic,</span> <span class='ocrx_word' id='word_1_269' title='bbox 697 3485 726 3535; x_wconf 86' lang='lat' dir='ltr'>et</span> <span class='ocrx_word' id='word_1_270' title='bbox 747 3475 907 3548; x_wconf 76' lang='lat' dir='ltr'>Paroclia’c,</span> <span class='ocrx_word' id='word_1_271' title='bbox 926 3474 990 3538; x_wconf 79' lang='lat' dir='ltr'>Deo</span> 
     </span>
     <span class='ocr_line' id='line_1_40' title="bbox 76 3550 990 3636; baseline 0.001 -21"><span class='ocrx_word' id='word_1_272' title='bbox 76 3554 245 3636; x_wconf 54' lang='lat' dir='ltr'>debacante,</span> <span class='ocrx_word' id='word_1_273' title='bbox 259 3550 416 3616; x_wconf 84' lang='lat' dir='ltr'>intendunt</span> <span class='ocrx_word' id='word_1_274' title='bbox 428 3553 508 3614; x_wconf 82' lang='lat' dir='ltr'>inter</span> <span class='ocrx_word' id='word_1_275' title='bbox 527 3572 559 3615; x_wconf 81' lang='lat' dir='ltr'>ee</span> <span class='ocrx_word' id='word_1_276' title='bbox 572 3556 742 3636; x_wconf 70' lang='lat' dir='ltr'>contradere</span> <span class='ocrx_word' id='word_1_277' title='bbox 755 3556 990 3621; x_wconf 62' lang='lat' dir='ltr'>communium.</span> 
     </span>
    </p>
   </div>
   <div class='ocr_carea' id='block_1_3' title="bbox 0 0 1122 4006">
    <p class='ocr_par' dir='ltr' id='par_1_11' title="bbox 0 0 1122 4006">
     <span class='ocr_line' id='line_1_41' title="bbox 0 0 1122 4006; baseline 0 2"><span class='ocrx_word' id='word_1_278' title='bbox 0 0 1122 4006; x_wconf 95' lang='lat' dir='ltr'> </span> 
     </span>
    </p>
   </div>
  </div>
 </body>
</html>
