<?xml version="1.0" encoding="UTF-8"?>
<!DOCTYPE html PUBLIC "-//W3C//DTD XHTML 1.0 Transitional//EN"
    "http://www.w3.org/TR/xhtml1/DTD/xhtml1-transitional.dtd">
<html xmlns="http://www.w3.org/1999/xhtml" xml:lang="en" lang="en">
 <head>
  <title>
</title>
<meta http-equiv="Content-Type" content="text/html;charset=utf-8" />
  <meta name='ocr-system' content='tesseract 3.04.00' />
  <meta name='ocr-capabilities' content='ocr_page ocr_carea ocr_par ocr_line ocrx_word'/>
</head>
<body>
  <div class='ocr_page' id='page_1' title='image "./compendiumritua00mdgoog_0203.png"; bbox 0 0 2234 4006; ppageno 0'>
   <div class='ocr_carea' id='block_1_1' title="bbox 112 238 885 339">
    <p class='ocr_par' dir='ltr' id='par_1_1' title="bbox 112 238 937 339">
     <span class='ocr_line' id='line_1_1' title="bbox 112 238 885 339; baseline -0.001 -21"><span class='ocrx_word' id='word_1_1' title='bbox 112 263 170 320; x_wconf 88' lang='grc'><em>190</em></span> <span class='ocrx_word' id='word_1_2' title='bbox 368 275 556 317; x_wconf 80' lang='lat' dir='ltr'><em>nrunmcmo</em></span> <span class='ocrx_word' id='word_1_3' title='bbox 577 274 770 317; x_wconf 71' lang='lat' dir='ltr'><em>senuasms.</em></span> <span class='ocrx_word' id='word_1_4' title='bbox 852 238 885 339; x_wconf 26' lang='lat'>&#39;¹¹&#39;</span> 
     </span>
    </p>
   </div>
   <div class='ocr_carea' id='block_1_2' title="bbox 95 386 1007 708">
    <p class='ocr_par' dir='ltr' id='par_1_2' title="bbox 95 386 1007 708">
     <span class='ocr_line' id='line_1_2' title="bbox 107 386 1007 501; baseline -0.001 -24"><span class='ocrx_word' id='word_1_5' title='bbox 107 419 242 479; x_wconf 90' lang='lat' dir='ltr'><em>munitus</em></span> <span class='ocrx_word' id='word_1_6' title='bbox 266 417 357 478; x_wconf 88' lang='lat' dir='ltr'><em>fidem</em></span> <span class='ocrx_word' id='word_1_7' title='bbox 381 416 541 501; x_wconf 84' lang='lat' dir='ltr'><em>integram,</em></span> <span class='ocrx_word' id='word_1_8' title='bbox 565 436 649 499; x_wconf 86' lang='lat' dir='ltr'><em>spem</em></span> <span class='ocrx_word' id='word_1_9' title='bbox 673 386 794 477; x_wconf 81' lang='lat' dir='ltr'><em>firmam</em></span> <span class='ocrx_word' id='word_1_10' title='bbox 814 422 847 501; x_wconf 78' lang='lat' dir='ltr'><em>et</em></span> <span class='ocrx_word' id='word_1_11' title='bbox 869 417 1007 478; x_wconf 83' lang='lat' dir='ltr'><em>caritatem</em></span> 
     </span>
     <span class='ocr_line' id='line_1_3' title="bbox 107 516 1007 604; baseline 0 -20"><span class='ocrx_word' id='word_1_12' title='bbox 107 516 309 586; x_wconf 86' lang='lat' dir='ltr'><em>desideratam</em></span> <span class='ocrx_word' id='word_1_13' title='bbox 323 529 436 594; x_wconf 85' lang='lat' dir='ltr'><em>teneat,</em></span> <span class='ocrx_word' id='word_1_14' title='bbox 451 534 483 584; x_wconf 89' lang='lat' dir='ltr'><em>et</em></span> <span class='ocrx_word' id='word_1_15' title='bbox 497 525 516 583; x_wconf 73' lang='grc' dir='ltr'>ὲ</span> <span class='ocrx_word' id='word_1_16' title='bbox 530 530 561 586; x_wconf 89' lang='lat' dir='ltr'><em>te</em></span> <span class='ocrx_word' id='word_1_17' title='bbox 574 527 730 604; x_wconf 77' lang='lat' dir='ltr'><em>nunquam</em></span> <span class='ocrx_word' id='word_1_18' title='bbox 745 523 883 604; x_wconf 83' lang='lat' dir='ltr'><em>separari</em></span> <span class='ocrx_word' id='word_1_19' title='bbox 905 524 1007 604; x_wconf 81' lang='lat' dir='ltr'><em>perurit-</em></span> 
     </span>
     <span class='ocr_line' id='line_1_4' title="bbox 95 629 610 708; baseline -0.002 -18"><span class='ocrx_word' id='word_1_20' title='bbox 95 635 166 690; x_wconf 30' lang='lat' dir='ltr'><em>itas.</em></span> <span class='ocrx_word' id='word_1_21' title='bbox 206 629 263 703; x_wconf 89' lang='lat' dir='ltr'><em>Qui</em></span> <span class='ocrx_word' id='word_1_22' title='bbox 278 629 356 690; x_wconf 89' lang='lat' dir='ltr'><em>vivis</em></span> <span class='ocrx_word' id='word_1_23' title='bbox 371 637 403 692; x_wconf 87' lang='lat' dir='ltr'><em>et</em></span> <span class='ocrx_word' id='word_1_24' title='bbox 415 649 534 708; x_wconf 79' lang='lat' dir='ltr'><em>regnas,-</em></span> <span class='ocrx_word' id='word_1_25' title='bbox 549 635 610 690; x_wconf 86' lang='lat' dir='ltr'><em>etc.</em></span> 
     </span>
    </p>
   </div>
   <div class='ocr_carea' id='block_1_3' title="bbox 107 733 1007 894">
    <p class='ocr_par' dir='ltr' id='par_1_3' title="bbox 107 733 1007 894">
     <span class='ocr_line' id='line_1_5' title="bbox 148 733 1007 814; baseline 0.001 -21"><span class='ocrx_word' id='word_1_26' title='bbox 148 734 262 794; x_wconf 80' lang='lat' dir='ltr'><em>Deinde</em></span> <span class='ocrx_word' id='word_1_27' title='bbox 283 736 417 795; x_wconf 79' lang='lat' dir='ltr'><em>habitam</em></span> <span class='ocrx_word' id='word_1_28' title='bbox 437 736 568 814; x_wconf 73' lang='lat' dir='ltr'><em>aspergit</em></span> <span class='ocrx_word' id='word_1_29' title='bbox 588 733 678 814; x_wconf 83' lang='lat' dir='ltr'><em>Aqua</em></span> <span class='ocrx_word' id='word_1_30' title='bbox 698 733 855 795; x_wconf 81' lang='lat' dir='ltr'><em>benedicta</em></span> <span class='ocrx_word' id='word_1_31' title='bbox 864 758 878 808; x_wconf 80' lang='lat'><em>,⁰</em></span> <span class='ocrx_word' id='word_1_32' title='bbox 906 743 933 796; x_wconf 87' lang='lat' dir='ltr'><em>et</em></span> <span class='ocrx_word' id='word_1_33' title='bbox 952 737 1007 795; x_wconf 88' lang='lat' dir='ltr'><em>dum</em></span> 
     </span>
     <span class='ocr_line' id='line_1_6' title="bbox 107 815 1007 894; baseline 0 -20"><span class='ocrx_word' id='word_1_34' title='bbox 107 815 163 874; x_wconf 90' lang='lat' dir='ltr'><em>illo</em></span> <span class='ocrx_word' id='word_1_35' title='bbox 177 816 265 874; x_wconf 84' lang='lat' dir='ltr'><em>uestit</em></span> <span class='ocrx_word' id='word_1_36' title='bbox 279 835 339 874; x_wconf 86' lang='lat' dir='ltr'><em>eum</em></span> <span class='ocrx_word' id='word_1_37' title='bbox 350 835 430 894; x_wconf 80' lang='lat' dir='ltr'><em>quern</em></span> <span class='ocrx_word' id='word_1_38' title='bbox 443 816 594 874; x_wconf 80' lang='lat' dir='ltr'><em>admittere</em></span> <span class='ocrx_word' id='word_1_39' title='bbox 606 816 688 874; x_wconf 81' lang='lat' dir='ltr'><em>debet</em></span> <span class='ocrx_word' id='word_1_40' title='bbox 699 815 735 875; x_wconf 90' lang='lat' dir='ltr'><em>in</em></span> <span class='ocrx_word' id='word_1_41' title='bbox 748 817 923 888; x_wconf 74' lang='lat' dir='ltr'><em>sodalitate,</em></span> <span class='ocrx_word' id='word_1_42' title='bbox 934 817 1007 877; x_wconf 72' lang='lat' dir='ltr'><em>etas:</em></span> 
     </span>
    </p>
   </div>
   <div class='ocr_carea' id='block_1_4' title="bbox 107 919 1033 1318">
    <p class='ocr_par' dir='ltr' id='par_1_4' title="bbox 107 919 1033 1318">
     <span class='ocr_line' id='line_1_7' title="bbox 148 919 1033 1002; baseline 0.001 -22"><span class='ocrx_word' id='word_1_43' title='bbox 148 921 276 1000; x_wconf 78' lang='lat' dir='ltr'><em>Accipe,</em></span> <span class='ocrx_word' id='word_1_44' title='bbox 289 920 336 981; x_wconf 89' lang='lat' dir='ltr'><em>vir</em></span> <span class='ocrx_word' id='word_1_45' title='bbox 356 921 476 991; x_wconf 86' lang='lat' dir='ltr'><em>devote,</em></span> <span class='ocrx_word' id='word_1_46' title='bbox 492 920 553 1002; x_wconf 83' lang='lat' dir='ltr'><em>(ael</em></span> <span class='ocrx_word' id='word_1_47' title='bbox 571 920 680 982; x_wconf 89' lang='lat' dir='ltr'><em>mulier</em></span> <span class='ocrx_word' id='word_1_48' title='bbox 698 919 824 1002; x_wconf 85' lang='lat' dir='ltr'><em>devota)</em></span> <span class='ocrx_word' id='word_1_49' title='bbox 838 922 923 983; x_wconf 89' lang='lat' dir='ltr'><em>hunc</em></span> <span class='ocrx_word' id='word_1_50' title='bbox 940 921 1008 982; x_wconf 83' lang='lat' dir='ltr'><em>habi·</em></span> <span class='ocrx_word' id='word_1_51' title='bbox 1026 974 1033 999; x_wconf 87' lang='grc'>,</span> 
     </span>
     <span class='ocr_line' id='line_1_8' title="bbox 107 1024 1008 1109; baseline 0 -23"><span class='ocrx_word' id='word_1_52' title='bbox 107 1032 172 1086; x_wconf 86' lang='lat' dir='ltr'><em>tum</em></span> <span class='ocrx_word' id='word_1_53' title='bbox 192 1025 396 1097; x_wconf 90' lang='lat' dir='ltr'><em>benedictum,</em></span> <span class='ocrx_word' id='word_1_54' title='bbox 411 1046 582 1109; x_wconf 87' lang='lat' dir='ltr'><em>precans</em></span> <span class='ocrx_word' id='word_1_55' title='bbox 560 1024 796 1087; x_wconf 72' lang='lat' dir='ltr'><em>sacratissimam</em></span> <span class='ocrx_word' id='word_1_56' title='bbox 810 1027 967 1109; x_wconf 81' lang='lat' dir='ltr'><em>Virginem</em></span> <span class='ocrx_word' id='word_1_57' title='bbox 982 1031 1008 1087; x_wconf 89' lang='lat' dir='ltr'><em>ut</em></span> 
     </span>
     <span class='ocr_line' id='line_1_9' title="bbox 108 1129 1008 1213; baseline -0.001 -22"><span class='ocrx_word' id='word_1_58' title='bbox 108 1131 173 1210; x_wconf 87' lang='lat' dir='ltr'><em>ejus</em></span> <span class='ocrx_word' id='word_1_59' title='bbox 187 1131 277 1193; x_wconf 89' lang='lat' dir='ltr'><em>merit</em></span> <span class='ocrx_word' id='word_1_60' title='bbox 278 1131 303 1191; x_wconf 91' lang='lat' dir='ltr'><em>is</em></span> <span class='ocrx_word' id='word_1_61' title='bbox 264 1131 405 1193; x_wconf 91' lang='lat' dir='ltr'><em>tillum</em></span> <span class='ocrx_word' id='word_1_62' title='bbox 418 1130 590 1213; x_wconf 81' lang='lat' dir='ltr'><em>perferas</em></span> <span class='ocrx_word' id='word_1_63' title='bbox 567 1150 633 1191; x_wconf 87' lang='lat' dir='ltr'><em>srne</em></span> <span class='ocrx_word' id='word_1_64' title='bbox 647 1131 776 1202; x_wconf 87' lang='lat' dir='ltr'><em>macula,</em></span> <span class='ocrx_word' id='word_1_65' title='bbox 792 1138 826 1193; x_wconf 90' lang='lat' dir='ltr'><em>ct</em></span> <span class='ocrx_word' id='word_1_66' title='bbox 844 1129 878 1193; x_wconf 88' lang='lat' dir='ltr'><em>te</em></span> <span class='ocrx_word' id='word_1_67' title='bbox 893 1135 929 1194; x_wconf 89' lang='lat' dir='ltr'><em>ab</em></span> <span class='ocrx_word' id='word_1_68' title='bbox 943 1131 1008 1194; x_wconf 89' lang='lat' dir='ltr'><em>anui</em></span> 
     </span>
     <span class='ocr_line' id='line_1_10' title="bbox 108 1224 1008 1318; baseline 0 -22"><span class='ocrx_word' id='word_1_69' title='bbox 108 1235 291 1299; x_wconf 82' lang='lat' dir='ltr'><em>adversitate</em></span> <span class='ocrx_word' id='word_1_70' title='bbox 312 1236 467 1308; x_wconf 78' lang='lat' dir='ltr'><em>defendat,</em></span> <span class='ocrx_word' id='word_1_71' title='bbox 487 1241 579 1317; x_wconf 86' lang='lat' dir='ltr'><em>atque</em></span> <span class='ocrx_word' id='word_1_72' title='bbox 598 1236 695 1297; x_wconf 90' lang='lat' dir='ltr'><em>ad&#39;t</em></span> <span class='ocrx_word' id='word_1_73' title='bbox 652 1242 695 1298; x_wconf 82' lang='lat' dir='ltr'><em>snt</em></span> <span class='ocrx_word' id='word_1_74' title='bbox 696 1224 744 1297; x_wconf 79' lang='lat' dir='ltr'><em>aui</em></span> <span class='ocrx_word' id='word_1_75' title='bbox 763 1237 919 1318; x_wconf 84' lang='lat' dir='ltr'><em>perducat</em></span> <span class='ocrx_word' id='word_1_76' title='bbox 937 1244 1008 1298; x_wconf 83' lang='lat' dir='ltr'><em>ater</em></span> 
     </span>
    </p>
   </div>
   <div class='ocr_carea' id='block_1_5' title="bbox 1 1323 400 1414">
    <p class='ocr_par' dir='ltr' id='par_1_5' title="bbox 1 1323 400 1414">
     <span class='ocr_line' id='line_1_11' title="bbox 1 1323 400 1414; baseline 0.003 -14"><span class='ocrx_word' id='word_1_77' title='bbox 1 1338 2 1344; x_wconf 70' lang='grc'>’</span> <span class='ocrx_word' id='word_1_78' title='bbox 109 1359 188 1402; x_wconf 85' lang='lat' dir='ltr'><em>nam.</em></span> <span class='ocrx_word' id='word_1_79' title='bbox 228 1323 269 1414; x_wconf 54' lang='lat' dir='ltr'>Q</span> <span class='ocrx_word' id='word_1_80' title='bbox 290 1341 400 1401; x_wconf 81' lang='lat' dir='ltr'><em>Amen.</em></span> 
     </span>
    </p>
   </div>
   <div class='ocr_carea' id='block_1_6' title="bbox 69 1445 1017 3420">
    <p class='ocr_par' dir='ltr' id='par_1_6' title="bbox 149 1445 388 1507">
     <span class='ocr_line' id='line_1_12' title="bbox 149 1445 388 1507; baseline 0 -1"><span class='ocrx_word' id='word_1_81' title='bbox 149 1445 265 1506; x_wconf 81' lang='lat' dir='ltr'><em>Deinde</em></span> <span class='ocrx_word' id='word_1_82' title='bbox 284 1447 388 1507; x_wconf 86' lang='lat' dir='ltr'><em>addit:</em></span> 
     </span>
    </p>

    <p class='ocr_par' dir='ltr' id='par_1_7' title="bbox 105 1532 1015 2468">
     <span class='ocr_line' id='line_1_13' title="bbox 147 1532 1013 1643; baseline 0.002 -33"><span class='ocrx_word' id='word_1_83' title='bbox 147 1551 213 1632; x_wconf 86' lang='lat' dir='ltr'><em>Ego</em></span> <span class='ocrx_word' id='word_1_84' title='bbox 227 1570 265 1611; x_wconf 87' lang='lat' dir='ltr'><em>ex</em></span> <span class='ocrx_word' id='word_1_85' title='bbox 283 1557 434 1643; x_wconf 82' lang='lat' dir='ltr'><em>potestate</em></span> <span class='ocrx_word' id='word_1_86' title='bbox 447 1552 520 1613; x_wconf 90' lang='lat' dir='ltr'><em>mihi</em></span> <span class='ocrx_word' id='word_1_87' title='bbox 543 1552 656 1613; x_wconf 87' lang='lat' dir='ltr'><em>tradita</em></span> <span class='ocrx_word' id='word_1_88' title='bbox 669 1558 701 1614; x_wconf 88' lang='lat' dir='ltr'><em>et</em></span> <span class='ocrx_word' id='word_1_89' title='bbox 716 1532 877 1625; x_wconf 87' lang='lat' dir='ltr'><em>concessa,</em></span> <span class='ocrx_word' id='word_1_90' title='bbox 893 1553 1013 1635; x_wconf 86' lang='lat' dir='ltr'><em>suscipio</em></span> 
     </span>
     <span class='ocr_line' id='line_1_14' title="bbox 109 1655 1013 1740; baseline -0.001 -22"><span class='ocrx_word' id='word_1_91' title='bbox 109 1678 144 1719; x_wconf 91' lang='lat' dir='ltr'><em>ac</em></span> <span class='ocrx_word' id='word_1_92' title='bbox 165 1655 280 1736; x_wconf 88' lang='lat' dir='ltr'><em>accipio</em></span> <span class='ocrx_word' id='word_1_93' title='bbox 300 1662 330 1719; x_wconf 90' lang='lat' dir='ltr'><em>te</em></span> <span class='ocrx_word' id='word_1_94' title='bbox 344 1657 383 1718; x_wconf 88' lang='lat' dir='ltr'><em>ad</em></span> <span class='ocrx_word' id='word_1_95' title='bbox 403 1657 665 1740; x_wconf 83' lang='lat' dir='ltr'><em>participationem</em></span> <span class='ocrx_word' id='word_1_96' title='bbox 686 1658 821 1719; x_wconf 90' lang='lat' dir='ltr'><em>omnium</em></span> <span class='ocrx_word' id='word_1_97' title='bbox 841 1659 1013 1728; x_wconf 86' lang='lat' dir='ltr'><em>orationum,</em></span> 
     </span>
     <span class='ocr_line' id='line_1_15' title="bbox 109 1743 1015 1846; baseline 0.001 -24"><span class='ocrx_word' id='word_1_98' title='bbox 109 1743 349 1845; x_wconf 85' lang='lat' dir='ltr'><em>disciplinarum,</em></span> <span class='ocrx_word' id='word_1_99' title='bbox 365 1783 499 1844; x_wconf 89' lang='lat' dir='ltr'><em>precum,</em></span> <span class='ocrx_word' id='word_1_100' title='bbox 516 1762 734 1846; x_wconf 85' lang='lat' dir='ltr'><em>suffragiorum,</em></span> <span class='ocrx_word' id='word_1_101' title='bbox 749 1763 1015 1846; x_wconf 82' lang='lat' dir='ltr'><em>eleemosynarum,</em></span> 
     </span>
     <span class='ocr_line' id='line_1_16' title="bbox 105 1866 1013 1949; baseline 0.001 -21"><span class='ocrx_word' id='word_1_102' title='bbox 105 1868 300 1948; x_wconf 86' lang='lat' dir='ltr'><em>jejuniorum,</em></span> <span class='ocrx_word' id='word_1_103' title='bbox 314 1867 495 1949; x_wconf 82' lang='lat' dir='ltr'><em>vigiliarum,</em></span> <span class='ocrx_word' id='word_1_104' title='bbox 515 1868 685 1939; x_wconf 88' lang='lat' dir='ltr'><em>missarum,</em></span> <span class='ocrx_word' id='word_1_105' title='bbox 698 1866 840 1930; x_wconf 90' lang='lat' dir='ltr'><em>horarum</em></span> <span class='ocrx_word' id='word_1_106' title='bbox 862 1871 1013 1931; x_wconf 87' lang='lat' dir='ltr'><em>canonica·</em></span> 
     </span>
     <span class='ocr_line' id='line_1_17' title="bbox 108 1973 1014 2055; baseline -0.002 -20"><span class='ocrx_word' id='word_1_107' title='bbox 108 1994 187 2046; x_wconf 86' lang='lat' dir='ltr'><em>rum,</em></span> <span class='ocrx_word' id='word_1_108' title='bbox 201 1994 236 2036; x_wconf 88' lang='lat' dir='ltr'><em>ac</em></span> <span class='ocrx_word' id='word_1_109' title='bbox 252 1981 420 2036; x_wconf 89' lang='lat' dir='ltr'><em>ceterorum</em></span> <span class='ocrx_word' id='word_1_110' title='bbox 439 1977 584 2035; x_wconf 89' lang='lat' dir='ltr'><em>bonorum</em></span> <span class='ocrx_word' id='word_1_111' title='bbox 599 1973 813 2055; x_wconf 82' lang='lat' dir='ltr'><em>spiritualium,</em></span> <span class='ocrx_word' id='word_1_112' title='bbox 828 1995 898 2054; x_wconf 86' lang='lat' dir='ltr'><em>quae</em></span> <span class='ocrx_word' id='word_1_113' title='bbox 912 1976 1014 2055; x_wconf 90' lang='lat' dir='ltr'><em>passim</em></span> 
     </span>
     <span class='ocr_line' id='line_1_18' title="bbox 108 2079 1014 2162; baseline 0.001 -21"><span class='ocrx_word' id='word_1_114' title='bbox 108 2080 159 2141; x_wconf 84' lang='lat' dir='ltr'><em>die</em></span> <span class='ocrx_word' id='word_1_115' title='bbox 178 2085 332 2161; x_wconf 86' lang='lat' dir='ltr'><em>noctuque</em></span> <span class='ocrx_word' id='word_1_116' title='bbox 354 2080 545 2162; x_wconf 86' lang='lat' dir='ltr'><em>(cooperante</em></span> <span class='ocrx_word' id='word_1_117' title='bbox 564 2079 773 2142; x_wconf 83' lang='lat' dir='ltr'><em>misericordia</em></span> <span class='ocrx_word' id='word_1_118' title='bbox 792 2081 866 2146; x_wconf 87' lang='lat' dir='ltr'><em>Jesu</em></span> <span class='ocrx_word' id='word_1_119' title='bbox 895 2080 1014 2159; x_wconf 84' lang='lat' dir='ltr'><em>Christi)</em></span> 
     </span>
     <span class='ocr_line' id='line_1_19' title="bbox 110 2185 1014 2268; baseline 0.002 -25"><span class='ocrx_word' id='word_1_120' title='bbox 110 2185 130 2244; x_wconf 75' lang='lat' dir='ltr'><em>a</em></span> <span class='ocrx_word' id='word_1_121' title='bbox 143 2185 291 2265; x_wconf 83' lang='lat' dir='ltr'><em>religiosis</em></span> <span class='ocrx_word' id='word_1_122' title='bbox 311 2187 404 2248; x_wconf 86' lang='lat' dir='ltr'><em>totius</em></span> <span class='ocrx_word' id='word_1_123' title='bbox 419 2207 510 2248; x_wconf 82' lang='lat' dir='ltr'><em>sacra</em></span> <span class='ocrx_word' id='word_1_124' title='bbox 524 2187 694 2268; x_wconf 83' lang='lat' dir='ltr'><em>Religionis</em></span> <span class='ocrx_word' id='word_1_125' title='bbox 710 2186 749 2247; x_wconf 88' lang='lat' dir='ltr'><em>de</em></span> <span class='ocrx_word' id='word_1_126' title='bbox 762 2192 866 2249; x_wconf 87' lang='lat' dir='ltr'><em>monte</em></span> <span class='ocrx_word' id='word_1_127' title='bbox 889 2186 1014 2249; x_wconf 81' lang='lat' dir='ltr'><em>Carmeli</em></span> 
     </span>
     <span class='ocr_line' id='line_1_20' title="bbox 108 2293 1015 2374; baseline 0.003 -25"><span class='ocrx_word' id='word_1_128' title='bbox 108 2298 303 2372; x_wconf 82' lang='lat' dir='ltr'><em>peraguntur.</em></span> <span class='ocrx_word' id='word_1_129' title='bbox 342 2294 380 2352; x_wconf 93' lang='lat' dir='ltr'><em>In</em></span> <span class='ocrx_word' id='word_1_130' title='bbox 400 2293 521 2355; x_wconf 88' lang='lat' dir='ltr'><em>nomine</em></span> <span class='ocrx_word' id='word_1_131' title='bbox 542 2293 654 2365; x_wconf 89' lang='lat' dir='ltr'><em>Patris,</em></span> <span class='ocrx_word' id='word_1_132' title='bbox 675 2300 708 2355; x_wconf 81' lang='lat' dir='ltr'><em>et</em></span> <span class='ocrx_word' id='word_1_133' title='bbox 727 2293 811 2365; x_wconf 86' lang='lat' dir='ltr'><em>Filii,</em></span> <span class='ocrx_word' id='word_1_134' title='bbox 832 2300 866 2355; x_wconf 89' lang='lat' dir='ltr'><em>et</em></span> <span class='ocrx_word' id='word_1_135' title='bbox 891 2294 1015 2374; x_wconf 86' lang='lat' dir='ltr'><em>Spim&#39;tus</em></span> 
     </span>
     <span class='ocr_line' id='line_1_21' title="bbox 108 2379 488 2468; baseline 0 -12"><span class='ocrx_word' id='word_1_136' title='bbox 108 2394 217 2456; x_wconf 85' lang='lat' dir='ltr'><em>sancti.</em></span> <span class='ocrx_word' id='word_1_137' title='bbox 256 2379 296 2468; x_wconf 69' lang='lat' dir='ltr'><em>li.</em></span> <span class='ocrx_word' id='word_1_138' title='bbox 317 2398 427 2456; x_wconf 84' lang='lat' dir='ltr'><em>Amen.</em></span> <span class='ocrx_word' id='word_1_139' title='bbox 484 2409 488 2416; x_wconf 89' lang='lat'>&#39;</span> 
     </span>
    </p>

    <p class='ocr_par' dir='ltr' id='par_1_8' title="bbox 149 2489 819 2587">
     <span class='ocr_line' id='line_1_22' title="bbox 149 2489 819 2587; baseline 0.004 -26"><span class='ocrx_word' id='word_1_140' title='bbox 149 2501 322 2563; x_wconf 78' lang='lat' dir='ltr'><em>Admismm</em></span> <span class='ocrx_word' id='word_1_141' title='bbox 339 2502 490 2572; x_wconf 78' lang='lat' dir='ltr'><em>benedicit,</em></span> <span class='ocrx_word' id='word_1_142' title='bbox 506 2503 624 2564; x_wconf 75' lang='lat' dir='ltr'><em>dicens:</em></span> <span class='ocrx_word' id='word_1_143' title='bbox 723 2489 726 2493; x_wconf 32' lang='lat'>⁸</span> <span class='ocrx_word' id='word_1_144' title='bbox 817 2582 819 2587; x_wconf 23' lang='grc' dir='ltr'>Ι</span> 
     </span>
    </p>

    <p class='ocr_par' dir='ltr' id='par_1_9' title="bbox 69 2608 1015 3420">
     <span class='ocr_line' id='line_1_23' title="bbox 147 2608 1014 2683; baseline -0.003 -13"><span class='ocrx_word' id='word_1_145' title='bbox 147 2611 231 2670; x_wconf 87' lang='lat' dir='ltr'><em>Bene</em></span> <span class='ocrx_word' id='word_1_146' title='bbox 243 2611 277 2683; x_wconf 67' lang='lat' dir='ltr'><em>tlt</em></span> <span class='ocrx_word' id='word_1_147' title='bbox 287 2609 371 2670; x_wconf 88' lang='lat' dir='ltr'><em>dicat</em></span> <span class='ocrx_word' id='word_1_148' title='bbox 383 2615 414 2670; x_wconf 88' lang='lat' dir='ltr'><em>te</em></span> <span class='ocrx_word' id='word_1_149' title='bbox 429 2609 568 2670; x_wconf 88' lang='lat' dir='ltr'><em>conditor</em></span> <span class='ocrx_word' id='word_1_150' title='bbox 581 2609 699 2675; x_wconf 78' lang='lat' dir='ltr'><em>cml’nat</em></span> <span class='ocrx_word' id='word_1_151' title='bbox 711 2615 811 2681; x_wconf 74' lang='lat' dir='ltr'><em>tara,</em></span> <span class='ocrx_word' id='word_1_152' title='bbox 827 2610 914 2671; x_wconf 89' lang='lat' dir='ltr'><em>Deus</em></span> <span class='ocrx_word' id='word_1_153' title='bbox 929 2608 1014 2671; x_wconf 90' lang='lat' dir='ltr'><em>omni·</em></span> 
     </span>
     <span class='ocr_line' id='line_1_24' title="bbox 106 2716 1013 2798; baseline -0.002 -22"><span class='ocrx_word' id='word_1_154' title='bbox 106 2723 225 2798; x_wconf 87' lang='lat' dir='ltr'><em>potens,</em></span> <span class='ocrx_word' id='word_1_155' title='bbox 240 2716 292 2796; x_wconf 89' lang='lat' dir='ltr'><em>qui</em></span> <span class='ocrx_word' id='word_1_156' title='bbox 312 2722 343 2778; x_wconf 84' lang='lat' dir='ltr'><em>te</em></span> <span class='ocrx_word' id='word_1_157' title='bbox 357 2716 469 2797; x_wconf 80' lang='lat' dir='ltr'><em>eligere</em></span> <span class='ocrx_word' id='word_1_158' title='bbox 482 2716 624 2797; x_wconf 85' lang='lat' dir='ltr'><em>dignatus</em></span> <span class='ocrx_word' id='word_1_159' title='bbox 637 2716 737 2778; x_wconf 88' lang='lat' dir='ltr'><em>estad</em></span> <span class='ocrx_word' id='word_1_160' title='bbox 754 2716 938 2777; x_wconf 82' lang='lat' dir='ltr'><em>beatissima</em></span> <span class='ocrx_word' id='word_1_161' title='bbox 951 2716 1013 2775; x_wconf 89' lang='lat' dir='ltr'><em>Vir·</em></span> 
     </span>
     <span class='ocr_line' id='line_1_25' title="bbox 106 2820 1014 2900; baseline 0 -20"><span class='ocrx_word' id='word_1_162' title='bbox 106 2821 184 2900; x_wconf 84' lang='lat' dir='ltr'><em>ginis</em></span> <span class='ocrx_word' id='word_1_163' title='bbox 205 2821 312 2883; x_wconf 87' lang='lat' dir='ltr'><em>Mariae</em></span> <span class='ocrx_word' id='word_1_164' title='bbox 330 2821 369 2882; x_wconf 87' lang='lat' dir='ltr'><em>de</em></span> <span class='ocrx_word' id='word_1_165' title='bbox 383 2828 485 2883; x_wconf 84' lang='lat' dir='ltr'><em>monte</em></span> <span class='ocrx_word' id='word_1_166' title='bbox 497 2821 637 2882; x_wconf 84' lang='lat' dir='ltr'><em>Carmeli</em></span> <span class='ocrx_word' id='word_1_167' title='bbox 657 2820 833 2883; x_wconf 89' lang='lat' dir='ltr'><em>societatem</em></span> <span class='ocrx_word' id='word_1_168' title='bbox 848 2829 882 2883; x_wconf 93' lang='lat' dir='ltr'><em>et</em></span> <span class='ocrx_word' id='word_1_169' title='bbox 904 2820 1014 2882; x_wconf 83' lang='lat' dir='ltr'><em>confra-</em></span> 
     </span>
     <span class='ocr_line' id='line_1_26' title="bbox 69 2906 1013 3010; baseline -0.001 -25"><span class='ocrx_word' id='word_1_170' title='bbox 69 2917 72 2922; x_wconf 62' lang='grc'><strong>’</strong></span> <span class='ocrx_word' id='word_1_171' title='bbox 105 2924 297 2998; x_wconf 83' lang='lat' dir='ltr'><em>ternitatem3</em></span> <span class='ocrx_word' id='word_1_172' title='bbox 325 2948 416 3007; x_wconf 90' lang='lat' dir='ltr'><em>quam</em></span> <span class='ocrx_word' id='word_1_173' title='bbox 442 2906 601 3010; x_wconf 85' lang='lat' dir='ltr'><em>precamur</em></span> <span class='ocrx_word' id='word_1_174' title='bbox 625 2933 661 2988; x_wconf 88' lang='lat' dir='ltr'><em>ut</em></span> <span class='ocrx_word' id='word_1_175' title='bbox 686 2929 720 2987; x_wconf 90' lang='lat' dir='ltr'><em>in</em></span> <span class='ocrx_word' id='word_1_176' title='bbox 745 2926 820 2988; x_wconf 86' lang='lat' dir='ltr'><em>hora</em></span> <span class='ocrx_word' id='word_1_177' title='bbox 846 2926 949 2988; x_wconf 89' lang='lat' dir='ltr'><em>obitus</em></span> <span class='ocrx_word' id='word_1_178' title='bbox 974 2925 1013 2986; x_wconf 88' lang='lat' dir='ltr'><em>tui</em></span> 
     </span>
     <span class='ocr_line' id='line_1_27' title="bbox 107 3026 1015 3114; baseline 0.002 -26"><span class='ocrx_word' id='word_1_179' title='bbox 107 3035 256 3091; x_wconf 86' lang='lat' dir='ltr'><em>conterat</em></span> <span class='ocrx_word' id='word_1_180' title='bbox 262 3039 353 3114; x_wconf 86' lang='lat' dir='ltr'><em>caput</em></span> <span class='ocrx_word' id='word_1_181' title='bbox 375 3035 537 3114; x_wconf 85' lang='lat' dir='ltr'><em>serpentis,</em></span> <span class='ocrx_word' id='word_1_182' title='bbox 552 3032 605 3113; x_wconf 90' lang='lat' dir='ltr'><em>qui</em></span> <span class='ocrx_word' id='word_1_183' title='bbox 626 3033 680 3095; x_wconf 90' lang='lat' dir='ltr'><em>tibi</em></span> <span class='ocrx_word' id='word_1_184' title='bbox 702 3038 750 3093; x_wconf 88' lang='lat' dir='ltr'><em>est</em></span> <span class='ocrx_word' id='word_1_185' title='bbox 768 3026 974 3102; x_wconf 82' lang='lat' dir='ltr'><em>adversarius,</em></span> <span class='ocrx_word' id='word_1_186' title='bbox 988 3036 1015 3090; x_wconf 88' lang='lat' dir='ltr'><em>et</em></span> 
     </span>
     <span class='ocr_line' id='line_1_28' title="bbox 105 3135 1015 3229; baseline 0 -33"><span class='ocrx_word' id='word_1_187' title='bbox 105 3135 227 3229; x_wconf 86' lang='lat' dir='ltr'><em>tandem</em></span> <span class='ocrx_word' id='word_1_188' title='bbox 246 3143 390 3216; x_wconf 86' lang='lat' dir='ltr'><em>tanquam</em></span> <span class='ocrx_word' id='word_1_189' title='bbox 410 3139 475 3200; x_wconf 88' lang='lat' dir='ltr'><em>vict</em></span> <span class='ocrx_word' id='word_1_190' title='bbox 475 3160 519 3209; x_wconf 90' lang='lat' dir='ltr'><em>or,</em></span> <span class='ocrx_word' id='word_1_191' title='bbox 539 3139 670 3229; x_wconf 83' lang='lat' dir='ltr'><em>palmam</em></span> <span class='ocrx_word' id='word_1_192' title='bbox 691 3144 723 3199; x_wconf 92' lang='lat' dir='ltr'><em>et</em></span> <span class='ocrx_word' id='word_1_193' title='bbox 744 3158 889 3200; x_wconf 87' lang='lat' dir='ltr'><em>coronam</em></span> <span class='ocrx_word' id='word_1_194' title='bbox 912 3137 1015 3219; x_wconf 87' lang='lat' dir='ltr'><em>sempi-</em></span> 
     </span>
     <span class='ocr_line' id='line_1_29' title="bbox 105 3241 1017 3323; baseline -0.001 -19"><span class='ocrx_word' id='word_1_195' title='bbox 105 3248 198 3304; x_wconf 86' lang='lat' dir='ltr'><em>ternae</em></span> <span class='ocrx_word' id='word_1_196' title='bbox 213 3241 378 3303; x_wconf 72' lang='lat' dir='ltr'><em>hereditat</em></span> <span class='ocrx_word' id='word_1_197' title='bbox 357 3249 396 3305; x_wconf 81' lang='lat' dir='ltr'><em>trs</em></span> <span class='ocrx_word' id='word_1_198' title='bbox 417 3245 622 3323; x_wconf 84' lang='lat' dir='ltr'><em>consequaris.</em></span> <span class='ocrx_word' id='word_1_199' title='bbox 663 3244 723 3304; x_wconf 88' lang='lat' dir='ltr'><em>Per</em></span> <span class='ocrx_word' id='word_1_200' title='bbox 738 3244 897 3307; x_wconf 86' lang='lat' dir='ltr'><em>Christum</em></span> <span class='ocrx_word' id='word_1_201' title='bbox 918 3244 1017 3307; x_wconf 90' lang='lat' dir='ltr'><em>Domi·</em></span> 
     </span>
     <span class='ocr_line' id='line_1_30' title="bbox 104 3331 863 3420; baseline -0.001 -10"><span class='ocrx_word' id='word_1_202' title='bbox 104 3364 177 3410; x_wconf 89' lang='lat' dir='ltr'><em>num</em></span> <span class='ocrx_word' id='word_1_203' title='bbox 197 3353 345 3408; x_wconf 89' lang='lat' dir='ltr'><em>nostrum</em></span> <span class='ocrx_word' id='word_1_204' title='bbox 386 3331 424 3420; x_wconf 71' lang='lat' dir='ltr'><em>li</em></span> <span class='ocrx_word' id='word_1_205' title='bbox 448 3351 559 3410; x_wconf 87' lang='lat' dir='ltr'><em>Amen.</em></span> <span class='ocrx_word' id='word_1_206' title='bbox 856 3352 863 3361; x_wconf 89' lang='lat'><em>&#39;</em></span> 
     </span>
    </p>
   </div>
   <div class='ocr_carea' id='block_1_7' title="bbox 104 3444 1020 3597">
    <p class='ocr_par' dir='ltr' id='par_1_10' title="bbox 104 3444 1020 3597">
     <span class='ocr_line' id='line_1_31' title="bbox 144 3444 1020 3546; baseline 0.001 -32"><span class='ocrx_word' id='word_1_207' title='bbox 144 3454 260 3515; x_wconf 84' lang='lat' dir='ltr'><em>Deinde</em></span> <span class='ocrx_word' id='word_1_208' title='bbox 272 3453 359 3514; x_wconf 85' lang='lat' dir='ltr'><em>illam</em></span> <span class='ocrx_word' id='word_1_209' title='bbox 373 3454 502 3546; x_wconf 78' lang='lat' dir='ltr'><em>aspergit</em></span> <span class='ocrx_word' id='word_1_210' title='bbox 515 3452 603 3546; x_wconf 84' lang='lat' dir='ltr'><em>Aqua</em></span> <span class='ocrx_word' id='word_1_211' title='bbox 617 3444 778 3528; x_wconf 71' lang='lat' dir='ltr'><em>benedicta,</em></span> <span class='ocrx_word' id='word_1_212' title='bbox 793 3459 822 3516; x_wconf 89' lang='lat' dir='ltr'><em>et</em></span> <span class='ocrx_word' id='word_1_213' title='bbox 835 3476 946 3518; x_wconf 88' lang='lat' dir='ltr'><em>nomen</em></span> <span class='ocrx_word' id='word_1_214' title='bbox 959 3458 1020 3538; x_wconf 77' lang='lat' dir='ltr'><em>ejas</em></span> 
     </span>
     <span class='ocr_line' id='line_1_32' title="bbox 104 3533 544 3597; baseline 0.002 -2"><span class='ocrx_word' id='word_1_215' title='bbox 104 3535 138 3595; x_wconf 90' lang='lat' dir='ltr'><em>in</em></span> <span class='ocrx_word' id='word_1_216' title='bbox 158 3535 233 3597; x_wconf 79' lang='lat' dir='ltr'><em>libro</em></span> <span class='ocrx_word' id='word_1_217' title='bbox 246 3533 416 3597; x_wconf 83' lang='lat' dir='ltr'><em>sodalitatis</em></span> <span class='ocrx_word' id='word_1_218' title='bbox 429 3534 544 3597; x_wconf 76' lang='lat' dir='ltr'><em>scribit</em></span> 
     </span>
    </p>
   </div>
   <div class='ocr_carea' id='block_1_8' title="bbox 778 3660 866 3749">
    <p class='ocr_par' dir='ltr' id='par_1_11' title="bbox 778 3660 866 3749">
     <span class='ocr_line' id='line_1_33' title="bbox 778 3660 866 3749; baseline 0 -44"><span class='ocrx_word' id='word_1_219' title='bbox 778 3695 781 3705; x_wconf 92' lang='lat'><em>.</em></span> <span class='ocrx_word' id='word_1_220' title='bbox 825 3660 866 3749; x_wconf 25' lang='lat'><em>‘⁴&#39;</em></span> 
     </span>
    </p>
   </div>
   <div class='ocr_carea' id='block_1_9' title="bbox 0 0 1122 4006">
    <p class='ocr_par' dir='ltr' id='par_1_12' title="bbox 0 0 1122 4006">
     <span class='ocr_line' id='line_1_34' title="bbox 0 0 1122 4006; baseline 0 0"><span class='ocrx_word' id='word_1_221' title='bbox 0 0 1122 4006; x_wconf 95' lang='lat' dir='ltr'><em> </em></span> 
     </span>
    </p>
   </div>
  </div>
 </body>
</html>
