<?xml version="1.0" encoding="UTF-8"?>
<!DOCTYPE html PUBLIC "-//W3C//DTD XHTML 1.0 Transitional//EN"
    "http://www.w3.org/TR/xhtml1/DTD/xhtml1-transitional.dtd">
<html xmlns="http://www.w3.org/1999/xhtml" xml:lang="en" lang="en">
 <head>
  <title>
</title>
<meta http-equiv="Content-Type" content="text/html;charset=utf-8" />
  <meta name='ocr-system' content='tesseract 3.04.00' />
  <meta name='ocr-capabilities' content='ocr_page ocr_carea ocr_par ocr_line ocrx_word'/>
</head>
<body>
  <div class='ocr_page' id='page_1' title='image "./compendiumritua00mdgoog_0088.png"; bbox 0 0 2206 4004; ppageno 0'>
   <div class='ocr_carea' id='block_1_1' title="bbox 281 245 988 304">
    <p class='ocr_par' dir='ltr' id='par_1_1' title="bbox 281 245 988 304">
     <span class='ocr_line' id='line_1_1' title="bbox 281 245 988 304; baseline 0.013 -9"><span class='ocrx_word' id='word_1_1' title='bbox 281 253 360 296; x_wconf 81' lang='lat' dir='ltr'><strong><em>anco</em></strong></span> <span class='ocrx_word' id='word_1_2' title='bbox 381 250 650 298; x_wconf 79' lang='lat' dir='ltr'><strong><em>conununmroms</em></strong></span> <span class='ocrx_word' id='word_1_3' title='bbox 671 256 788 298; x_wconf 74' lang='lat' dir='ltr'><strong><em>sutum.</em></strong></span> <span class='ocrx_word' id='word_1_4' title='bbox 948 245 988 304; x_wconf 81' lang='lat'><strong><em>77</em></strong></span> 
     </span>
    </p>
   </div>
   <div class='ocr_carea' id='block_1_2' title="bbox 91 368 988 700">
    <p class='ocr_par' dir='ltr' id='par_1_2' title="bbox 91 368 988 700">
     <span class='ocr_line' id='line_1_2' title="bbox 120 368 988 481; baseline 0 -21"><span class='ocrx_word' id='word_1_5' title='bbox 120 368 220 467; x_wconf 75' lang='lat' dir='ltr'><strong><em>Pissis</em></strong></span> <span class='ocrx_word' id='word_1_6' title='bbox 239 395 370 481; x_wconf 26' lang='lat' dir='ltr'><strong><em>‘Domini</em></strong></span> <span class='ocrx_word' id='word_1_7' title='bbox 391 396 488 458; x_wconf 78' lang='lat' dir='ltr'><strong><em>nisui</em></strong></span> <span class='ocrx_word' id='word_1_8' title='bbox 512 397 585 461; x_wconf 86' lang='lat' dir='ltr'><strong><em>Jesu</em></strong></span> <span class='ocrx_word' id='word_1_9' title='bbox 611 396 727 459; x_wconf 81' lang='lat' dir='ltr'><strong><em>Christi</em></strong></span> <span class='ocrx_word' id='word_1_10' title='bbox 750 395 917 460; x_wconf 77' lang='lat' dir='ltr'><strong><em>secuhdbm</em></strong></span> <span class='ocrx_word' id='word_1_11' title='bbox 936 396 988 460; x_wconf 87' lang='lat' dir='ltr'><strong><em>Jo-</em></strong></span> 
     </span>
     <span class='ocr_line' id='line_1_3' title="bbox 91 501 952 583; baseline -0.016 -17"><span class='ocrx_word' id='word_1_12' title='bbox 91 523 193 566; x_wconf 79' lang='lat' dir='ltr'><strong><em>mnem.</em></strong></span> <span class='ocrx_word' id='word_1_13' title='bbox 240 501 315 583; x_wconf 82' lang='lat' dir='ltr'><strong><em>Cap.</em></strong></span> <span class='ocrx_word' id='word_1_14' title='bbox 331 507 380 562; x_wconf 80' lang='lat' dir='ltr'><strong><em>le.</em></strong></span> <span class='ocrx_word' id='word_1_15' title='bbox 949 511 952 518; x_wconf 93' lang='lat'><em>·</em></span> 
     </span>
     <span class='ocr_line' id='line_1_4' title="bbox 110 605 758 700; baseline -0.003 -17"><span class='ocrx_word' id='word_1_16' title='bbox 110 632 162 684; x_wconf 87' lang='lat' dir='ltr'><strong><em>Dici</em></strong></span> <span class='ocrx_word' id='word_1_17' title='bbox 172 632 295 700; x_wconf 73' lang='lat' dir='ltr'><strong><em>praetereb</em></strong></span> <span class='ocrx_word' id='word_1_18' title='bbox 304 633 409 698; x_wconf 85' lang='lat' dir='ltr'><strong><em>possunt</em></strong></span> <span class='ocrx_word' id='word_1_19' title='bbox 418 632 510 681; x_wconf 79' lang='lat' dir='ltr'><strong><em>Psalmi</em></strong></span> <span class='ocrx_word' id='word_1_20' title='bbox 522 634 568 682; x_wconf 82' lang='lat'><strong><em>11⁷</em></strong></span> <span class='ocrx_word' id='word_1_21' title='bbox 578 633 603 682; x_wconf 86' lang='lat' dir='ltr'><strong><em>et</em></strong></span> <span class='ocrx_word' id='word_1_22' title='bbox 614 628 667 682; x_wconf 78' lang='lat'>118&#39;.</span> <span class='ocrx_word' id='word_1_23' title='bbox 754 605 758 613; x_wconf 37' lang='lat'>⁸</span> 
     </span>
    </p>
   </div>
   <div class='ocr_carea' id='block_1_3' title="bbox 88 747 987 926">
    <p class='ocr_par' dir='ltr' id='par_1_3' title="bbox 88 747 987 926">
     <span class='ocr_line' id='line_1_5' title="bbox 116 747 987 828; baseline 0.001 -18"><span class='ocrx_word' id='word_1_24' title='bbox 116 747 312 810; x_wconf 81' lang='lat' dir='ltr'><strong><em>Confitemini</em></strong></span> <span class='ocrx_word' id='word_1_25' title='bbox 323 747 453 810; x_wconf 88' lang='lat' dir='ltr'><strong><em>Domino</em></strong></span> <span class='ocrx_word' id='word_1_26' title='bbox 465 748 608 828; x_wconf 84' lang='lat' dir='ltr'><strong><em>quonism</em></strong></span> <span class='ocrx_word' id='word_1_27' title='bbox 618 750 726 820; x_wconf 89' lang='lat' dir='ltr'><strong><em>bonus,</em></strong></span> <span class='ocrx_word' id='word_1_28' title='bbox 738 754 798 811; x_wconf 83' lang='lat' dir='ltr'><strong><em>etc.</em></strong></span> <span class='ocrx_word' id='word_1_29' title='bbox 832 750 921 812; x_wconf 81' lang='lat' dir='ltr'><strong><em>Beati</em></strong></span> <span class='ocrx_word' id='word_1_30' title='bbox 932 749 987 811; x_wconf 90' lang='lat' dir='ltr'><strong><em>im·</em></strong></span> 
     </span>
     <span class='ocr_line' id='line_1_6' title="bbox 88 855 308 926; baseline -0.014 -8"><span class='ocrx_word' id='word_1_31' title='bbox 88 855 308 926; x_wconf 65' lang='lat' dir='ltr'><strong><em>maculetietc.</em></strong></span> 
     </span>
    </p>
   </div>
   <div class='ocr_carea' id='block_1_4' title="bbox 376 971 729 1064">
    <p class='ocr_par' dir='ltr' id='par_1_4' title="bbox 376 971 729 1064">
     <span class='ocr_line' id='line_1_7' title="bbox 376 971 729 1064; baseline 0.006 -2"><span class='ocrx_word' id='word_1_32' title='bbox 376 1011 416 1062; x_wconf 87' lang='lat' dir='ltr'><strong><em>IN</em></strong></span> <span class='ocrx_word' id='word_1_33' title='bbox 436 971 690 1064; x_wconf 69' lang='lat' dir='ltr'><strong>EXPIRATIONE.</strong></span> <span class='ocrx_word' id='word_1_34' title='bbox 725 1041 729 1049; x_wconf 91' lang='lat'>·</span> 
     </span>
    </p>
   </div>
   <div class='ocr_carea' id='block_1_5' title="bbox 74 1117 991 2384">
    <p class='ocr_par' dir='ltr' id='par_1_5' title="bbox 74 1117 991 2384">
     <span class='ocr_line' id='line_1_8' title="bbox 145 1117 989 1217; baseline 0.006 -21"><span class='ocrx_word' id='word_1_35' title='bbox 145 1135 216 1197; x_wconf 77' lang='grc' dir='ltr'><strong><em>ΠΜ</em></strong></span> <span class='ocrx_word' id='word_1_36' title='bbox 227 1137 297 1197; x_wconf 76' lang='lat' dir='ltr'><strong><em>aeri</em></strong></span> <span class='ocrx_word' id='word_1_37' title='bbox 310 1141 425 1216; x_wconf 84' lang='lat' dir='ltr'><strong><em>tempus</em></strong></span> <span class='ocrx_word' id='word_1_38' title='bbox 441 1117 597 1217; x_wconf 75' lang='lat' dir='ltr'><strong><em>suspirandi</em></strong></span> <span class='ocrx_word' id='word_1_39' title='bbox 610 1126 763 1209; x_wconf 83' lang='lat' dir='ltr'><strong><em>institerit,</em></strong></span> <span class='ocrx_word' id='word_1_40' title='bbox 778 1141 846 1204; x_wconf 82' lang='lat' dir='ltr'><strong><em>tunc</em></strong></span> <span class='ocrx_word' id='word_1_41' title='bbox 859 1139 989 1201; x_wconf 70' lang='lat' dir='ltr'><strong><em>nonime</em></strong></span> 
     </span>
     <span class='ocr_line' id='line_1_9' title="bbox 161 1241 988 1323; baseline 0.004 -20"><span class='ocrx_word' id='word_1_42' title='bbox 161 1242 198 1304; x_wconf 92' lang='lat' dir='ltr'><strong><em>ab</em></strong></span> <span class='ocrx_word' id='word_1_43' title='bbox 218 1241 354 1302; x_wconf 82' lang='lat' dir='ltr'><strong><em>amnibus</em></strong></span> <span class='ocrx_word' id='word_1_44' title='bbox 375 1242 630 1303; x_wconf 69' lang='lat' dir='ltr'><strong><em>circumstantibus</em></strong></span> <span class='ocrx_word' id='word_1_45' title='bbox 640 1243 738 1323; x_wconf 81' lang='lat' dir='ltr'><strong><em>flecis</em></strong></span> <span class='ocrx_word' id='word_1_46' title='bbox 761 1244 884 1322; x_wconf 81' lang='lat' dir='ltr'><strong><em>genibus</em></strong></span> <span class='ocrx_word' id='word_1_47' title='bbox 903 1245 988 1306; x_wconf 80' lang='lat' dir='ltr'><strong><em>usbe-</em></strong></span> 
     </span>
     <span class='ocr_line' id='line_1_10' title="bbox 82 1336 991 1428; baseline 0.001 -18"><span class='ocrx_word' id='word_1_48' title='bbox 82 1343 181 1410; x_wconf 77' lang='lat' dir='ltr'><strong><em>nerttcr</em></strong></span> <span class='ocrx_word' id='word_1_49' title='bbox 195 1347 328 1409; x_wconf 82' lang='lat' dir='ltr'><strong><em>arationi</em></strong></span> <span class='ocrx_word' id='word_1_50' title='bbox 347 1336 519 1408; x_wconf 77' lang='lat' dir='ltr'><strong><em>instandum</em></strong></span> <span class='ocrx_word' id='word_1_51' title='bbox 539 1355 591 1408; x_wconf 87' lang='lat' dir='ltr'><strong><em>est.</em></strong></span> <span class='ocrx_word' id='word_1_52' title='bbox 632 1347 700 1428; x_wconf 85' lang='lat' dir='ltr'><strong><em>Ipse</em></strong></span> <span class='ocrx_word' id='word_1_53' title='bbox 713 1350 784 1409; x_wconf 81' lang='lat' dir='ltr'><strong><em>uera</em></strong></span> <span class='ocrx_word' id='word_1_54' title='bbox 806 1350 945 1422; x_wconf 80' lang='lat' dir='ltr'><strong><em>morines,</em></strong></span> <span class='ocrx_word' id='word_1_55' title='bbox 961 1351 991 1411; x_wconf 84' lang='lat' dir='ltr'><strong><em>si</em></strong></span> 
     </span>
     <span class='ocr_line' id='line_1_11' title="bbox 76 1453 990 1546; baseline 0 -30"><span class='ocrx_word' id='word_1_56' title='bbox 76 1461 176 1533; x_wconf 84' lang='lat' dir='ltr'><strong><em>potest,</em></strong></span> <span class='ocrx_word' id='word_1_57' title='bbox 187 1454 270 1515; x_wconf 83' lang='lat' dir='ltr'><strong><em>dieat</em></strong></span> <span class='ocrx_word' id='word_1_58' title='bbox 277 1477 291 1527; x_wconf 82' lang='lat'><em>3</em></span> <span class='ocrx_word' id='word_1_59' title='bbox 304 1453 360 1526; x_wconf 84' lang='lat' dir='ltr'><strong><em>uel</em></strong></span> <span class='ocrx_word' id='word_1_60' title='bbox 373 1454 401 1513; x_wconf 90' lang='lat' dir='ltr'><strong><em>si</em></strong></span> <span class='ocrx_word' id='word_1_61' title='bbox 413 1454 474 1514; x_wconf 81' lang='lat' dir='ltr'><strong><em>n&#39;on</em></strong></span> <span class='ocrx_word' id='word_1_62' title='bbox 482 1457 591 1533; x_wconf 85' lang='lat' dir='ltr'><strong><em>potest,</em></strong></span> <span class='ocrx_word' id='word_1_63' title='bbox 606 1454 755 1546; x_wconf 77' lang='lat' dir='ltr'><strong><em>assistens,</em></strong></span> <span class='ocrx_word' id='word_1_64' title='bbox 767 1455 830 1516; x_wconf 83' lang='lat' dir='ltr'><strong><em>siue</em></strong></span> <span class='ocrx_word' id='word_1_65' title='bbox 847 1454 990 1517; x_wconf 81' lang='lat' dir='ltr'><strong><em>Sacerdos</em></strong></span> 
     </span>
     <span class='ocr_line' id='line_1_12' title="bbox 74 1559 988 1640; baseline 0.001 -20"><span class='ocrx_word' id='word_1_66' title='bbox 74 1579 125 1637; x_wconf 88' lang='lat' dir='ltr'><strong><em>pro</em></strong></span> <span class='ocrx_word' id='word_1_67' title='bbox 146 1580 179 1621; x_wconf 91' lang='lat' dir='ltr'><strong><em>ea</em></strong></span> <span class='ocrx_word' id='word_1_68' title='bbox 203 1560 286 1621; x_wconf 84' lang='lat' dir='ltr'><strong><em>clara</em></strong></span> <span class='ocrx_word' id='word_1_69' title='bbox 307 1578 376 1620; x_wconf 83' lang='lat' dir='ltr'><strong><em>uoce</em></strong></span> <span class='ocrx_word' id='word_1_70' title='bbox 395 1559 589 1640; x_wconf 72' lang='lat' dir='ltr'><strong><em>pronuntiet:</em></strong></span> <span class='ocrx_word' id='word_1_71' title='bbox 609 1560 723 1632; x_wconf 80' lang='lat' dir='ltr'><strong><em>JDSU‚</em></strong></span> <span class='ocrx_word' id='word_1_72' title='bbox 743 1560 856 1632; x_wconf 80' lang='lat' dir='ltr'><strong><em>JDSU‚</em></strong></span> <span class='ocrx_word' id='word_1_73' title='bbox 876 1563 988 1623; x_wconf 79' lang='lat' dir='ltr'><strong><em>JDSU.</em></strong></span> 
     </span>
     <span class='ocr_line' id='line_1_13' title="bbox 83 1657 988 1747; baseline -0.001 -22"><span class='ocrx_word' id='word_1_74' title='bbox 83 1657 174 1747; x_wconf 71' lang='lat' dir='ltr'><strong><em>erad,</em></strong></span> <span class='ocrx_word' id='word_1_75' title='bbox 185 1673 213 1726; x_wconf 88' lang='lat' dir='ltr'><strong><em>et</em></strong></span> <span class='ocrx_word' id='word_1_76' title='bbox 228 1684 262 1725; x_wconf 89' lang='lat' dir='ltr'><strong><em>sa</em></strong></span> <span class='ocrx_word' id='word_1_77' title='bbox 272 1683 339 1745; x_wconf 77' lang='lat' dir='ltr'><strong><em>qun</em></strong></span> <span class='ocrx_word' id='word_1_78' title='bbox 352 1673 525 1745; x_wconf 82' lang='lat' dir='ltr'><strong><em>sequuntur,</em></strong></span> <span class='ocrx_word' id='word_1_79' title='bbox 537 1657 580 1726; x_wconf 80' lang='lat' dir='ltr'><strong><em>ad</em></strong></span> <span class='ocrx_word' id='word_1_80' title='bbox 590 1665 671 1727; x_wconf 86' lang='lat' dir='ltr'><strong><em>iliius</em></strong></span> <span class='ocrx_word' id='word_1_81' title='bbox 684 1686 778 1739; x_wconf 89' lang='lat' dir='ltr'><strong><em>aures,</em></strong></span> <span class='ocrx_word' id='word_1_82' title='bbox 790 1668 817 1726; x_wconf 88' lang='lat' dir='ltr'><strong><em>si</em></strong></span> <span class='ocrx_word' id='word_1_83' title='bbox 827 1667 988 1736; x_wconf 84' lang='lat' dir='ltr'><strong><em>uidebitur,</em></strong></span> 
     </span>
     <span class='ocr_line' id='line_1_14' title="bbox 78 1768 988 1854; baseline 0.001 -24"><span class='ocrx_word' id='word_1_84' title='bbox 78 1770 165 1832; x_wconf 81' lang='lat' dir='ltr'><strong><em>etiam</em></strong></span> <span class='ocrx_word' id='word_1_85' title='bbox 183 1770 292 1851; x_wconf 71' lang='lat' dir='ltr'><strong><em>inpius</em></strong></span> <span class='ocrx_word' id='word_1_86' title='bbox 317 1772 439 1850; x_wconf 76' lang='lat' dir='ltr'><strong><em>repetat.</em></strong></span> <span class='ocrx_word' id='word_1_87' title='bbox 478 1768 516 1830; x_wconf 91' lang='lat' dir='ltr'><strong><em>In</em></strong></span> <span class='ocrx_word' id='word_1_88' title='bbox 537 1790 643 1831; x_wconf 81' lang='lat' dir='ltr'><strong><em>munus</em></strong></span> <span class='ocrx_word' id='word_1_89' title='bbox 662 1775 731 1833; x_wconf 83' lang='lat' dir='ltr'><strong><em>tuus</em></strong></span> <span class='ocrx_word' id='word_1_90' title='bbox 756 1770 886 1831; x_wconf 86' lang='lat' dir='ltr'><strong><em>Domine</em></strong></span> <span class='ocrx_word' id='word_1_91' title='bbox 906 1790 988 1854; x_wconf 82' lang='lat' dir='ltr'><strong><em>com-</em></strong></span> 
     </span>
     <span class='ocr_line' id='line_1_15' title="bbox 77 1868 988 1956; baseline -0.001 -20"><span class='ocrx_word' id='word_1_92' title='bbox 77 1874 183 1938; x_wconf 87' lang='lat' dir='ltr'><strong><em>mendo</em></strong></span> <span class='ocrx_word' id='word_1_93' title='bbox 198 1868 338 1956; x_wconf 77' lang='lat' dir='ltr'><strong><em>spiritum</em></strong></span> <span class='ocrx_word' id='word_1_94' title='bbox 352 1894 462 1936; x_wconf 87' lang='lat' dir='ltr'><strong><em>meum.</em></strong></span> <span class='ocrx_word' id='word_1_95' title='bbox 502 1873 632 1935; x_wconf 87' lang='lat' dir='ltr'><strong><em>Domine</em></strong></span> <span class='ocrx_word' id='word_1_96' title='bbox 644 1875 662 1935; x_wconf 87' lang='lat' dir='ltr'>J</span> <span class='ocrx_word' id='word_1_97' title='bbox 665 1894 718 1936; x_wconf 83' lang='lat' dir='ltr'><strong><em>esu</em></strong></span> <span class='ocrx_word' id='word_1_98' title='bbox 734 1873 854 1935; x_wconf 84' lang='lat' dir='ltr'><strong><em>Christe</em></strong></span> <span class='ocrx_word' id='word_1_99' title='bbox 867 1874 988 1955; x_wconf 82' lang='lat' dir='ltr'><strong><em>suscipe</em></strong></span> 
     </span>
     <span class='ocr_line' id='line_1_16' title="bbox 77 1960 989 2064; baseline -0.002 -20"><span class='ocrx_word' id='word_1_100' title='bbox 77 1980 214 2064; x_wconf 81' lang='lat' dir='ltr'><strong><em>spiritum</em></strong></span> <span class='ocrx_word' id='word_1_101' title='bbox 233 1960 344 2041; x_wconf 84' lang='lat' dir='ltr'><strong><em>meum.</em></strong></span> <span class='ocrx_word' id='word_1_102' title='bbox 386 1980 499 2040; x_wconf 81' lang='lat' dir='ltr'><strong><em>Saucia</em></strong></span> <span class='ocrx_word' id='word_1_103' title='bbox 517 1968 693 2046; x_wconf 67' lang='lat' dir='ltr'><strong><em>&#39;Muriioru</em></strong></span> <span class='ocrx_word' id='word_1_104' title='bbox 714 1999 768 2060; x_wconf 86' lang='lat' dir='ltr'><strong><em>pro</em></strong></span> <span class='ocrx_word' id='word_1_105' title='bbox 789 1998 847 2040; x_wconf 88' lang='lat' dir='ltr'><strong><em>me.</em></strong></span> <span class='ocrx_word' id='word_1_106' title='bbox 888 1980 989 2042; x_wconf 82' lang='lat' dir='ltr'><strong><em>Maria</em></strong></span> 
     </span>
     <span class='ocr_line' id='line_1_17' title="bbox 76 2083 988 2169; baseline 0 -22"><span class='ocrx_word' id='word_1_107' title='bbox 76 2093 170 2150; x_wconf 80' lang='lat' dir='ltr'><strong><em>mater</em></strong></span> <span class='ocrx_word' id='word_1_108' title='bbox 195 2085 311 2169; x_wconf 74' lang='lat' dir='ltr'><strong><em>gretie,</em></strong></span> <span class='ocrx_word' id='word_1_109' title='bbox 335 2090 431 2147; x_wconf 82' lang='lat' dir='ltr'><strong><em>meter</em></strong></span> <span class='ocrx_word' id='word_1_110' title='bbox 456 2083 683 2156; x_wconf 77' lang='lat' dir='ltr'><strong><em>misericordiae,</em></strong></span> <span class='ocrx_word' id='word_1_111' title='bbox 707 2090 742 2146; x_wconf 91' lang='lat' dir='ltr'><strong><em>tu</em></strong></span> <span class='ocrx_word' id='word_1_112' title='bbox 766 2104 814 2146; x_wconf 86' lang='lat' dir='ltr'><strong><em>me</em></strong></span> <span class='ocrx_word' id='word_1_113' title='bbox 838 2087 875 2147; x_wconf 80' lang='lat' dir='ltr'><strong><em>ab</em></strong></span> <span class='ocrx_word' id='word_1_114' title='bbox 901 2085 988 2147; x_wconf 89' lang='lat' dir='ltr'><strong><em>hoste</em></strong></span> 
     </span>
     <span class='ocr_line' id='line_1_18' title="bbox 76 2188 625 2274; baseline -0.011 -19"><span class='ocrx_word' id='word_1_115' title='bbox 76 2199 209 2274; x_wconf 81' lang='lat' dir='ltr'><strong><em>protege,</em></strong></span> <span class='ocrx_word' id='word_1_116' title='bbox 223 2196 256 2253; x_wconf 77' lang='lat' dir='ltr'><strong><em>et</em></strong></span> <span class='ocrx_word' id='word_1_117' title='bbox 275 2189 348 2253; x_wconf 83' lang='lat' dir='ltr'><strong><em>hore</em></strong></span> <span class='ocrx_word' id='word_1_118' title='bbox 367 2188 473 2250; x_wconf 85' lang='lat' dir='ltr'><strong><em>mortis</em></strong></span> <span class='ocrx_word' id='word_1_119' title='bbox 494 2188 625 2271; x_wconf 82' lang='lat' dir='ltr'><strong><em>suscipe.</em></strong></span> 
     </span>
     <span class='ocr_line' id='line_1_19' title="bbox 115 2276 988 2384; baseline 0 -28"><span class='ocrx_word' id='word_1_120' title='bbox 115 2297 200 2374; x_wconf 66' lang='lat' dir='ltr'><strong><em>bians</em></strong></span> <span class='ocrx_word' id='word_1_121' title='bbox 222 2297 273 2358; x_wconf 85' lang='lat' dir='ltr'><strong><em>ubi</em></strong></span> <span class='ocrx_word' id='word_1_122' title='bbox 295 2296 379 2376; x_wconf 80' lang='lat' dir='ltr'><strong><em>uiget</em></strong></span> <span class='ocrx_word' id='word_1_123' title='bbox 396 2276 462 2375; x_wconf 29' lang='lat' dir='ltr'><strong><em>pia*</em></strong></span> <span class='ocrx_word' id='word_1_124' title='bbox 477 2295 661 2384; x_wconf 74' lang='lat' dir='ltr'><strong><em>consuetudo,</em></strong></span> <span class='ocrx_word' id='word_1_125' title='bbox 682 2296 820 2376; x_wconf 82' lang='lat' dir='ltr'><strong><em>pulsetur</em></strong></span> <span class='ocrx_word' id='word_1_126' title='bbox 845 2317 988 2377; x_wconf 86' lang='lat' dir='ltr'><strong><em>campana</em></strong></span> 
     </span>
    </p>
   </div>
   <div class='ocr_carea' id='block_1_6' title="bbox 71 2391 1102 2486">
    <p class='ocr_par' dir='ltr' id='par_1_6' title="bbox 71 2391 1102 2486">
     <span class='ocr_line' id='line_1_20' title="bbox 71 2391 1102 2486; baseline -0.004 -19"><span class='ocrx_word' id='word_1_127' title='bbox 71 2403 251 2486; x_wconf 71' lang='lat' dir='ltr'><strong><em>parochialis</em></strong></span> <span class='ocrx_word' id='word_1_128' title='bbox 264 2403 408 2465; x_wconf 81' lang='lat' dir='ltr'><strong><em>Ecclesiu</em></strong></span> <span class='ocrx_word' id='word_1_129' title='bbox 422 2403 571 2482; x_wconf 79' lang='lat' dir='ltr'><strong><em>aliquibus</em></strong></span> <span class='ocrx_word' id='word_1_130' title='bbox 583 2403 691 2462; x_wconf 85' lang='lat' dir='ltr'><strong><em>ictibus</em></strong></span> <span class='ocrx_word' id='word_1_131' title='bbox 704 2403 744 2477; x_wconf 80' lang='lat' dir='ltr'><strong><em>ad</em></strong></span> <span class='ocrx_word' id='word_1_132' title='bbox 755 2391 988 2484; x_wconf 71' lang='lat' dir='ltr'><strong><em>significandum</em></strong></span> <span class='ocrx_word' id='word_1_133' title='bbox 1018 2454 1021 2461; x_wconf 96' lang='lat'><em>.</em></span> <span class='ocrx_word' id='word_1_134' title='bbox 1099 2469 1102 2475; x_wconf 65' lang='lat'>‚</span> 
     </span>
    </p>
   </div>
   <div class='ocr_carea' id='block_1_7' title="bbox 71 2488 1079 3436">
    <p class='ocr_par' dir='ltr' id='par_1_7' title="bbox 71 2488 988 2798">
     <span class='ocr_line' id='line_1_21' title="bbox 71 2488 987 2588; baseline -0.002 -17"><span class='ocrx_word' id='word_1_135' title='bbox 71 2502 234 2588; x_wconf 74' lang='lat' dir='ltr'><strong><em>fidelibus</em></strong></span> <span class='ocrx_word' id='word_1_136' title='bbox 217 2529 254 2570; x_wconf 77' lang='lat' dir='ltr'><strong><em>sn</em></strong></span> <span class='ocrx_word' id='word_1_137' title='bbox 266 2509 344 2582; x_wconf 87' lang='lat' dir='ltr'><strong><em>urbe,</em></strong></span> <span class='ocrx_word' id='word_1_138' title='bbox 359 2507 407 2568; x_wconf 87' lang='lat' dir='ltr'><strong><em>uel</em></strong></span> <span class='ocrx_word' id='word_1_139' title='bbox 419 2507 490 2578; x_wconf 72' lang='lat' dir='ltr'><strong><em>Ioco</em></strong></span> <span class='ocrx_word' id='word_1_140' title='bbox 504 2515 555 2568; x_wconf 89' lang='lat' dir='ltr'><strong><em>aut</em></strong></span> <span class='ocrx_word' id='word_1_141' title='bbox 568 2488 682 2568; x_wconf 70' lang='lat' dir='ltr'><strong><em>astra·</em></strong></span> <span class='ocrx_word' id='word_1_142' title='bbox 670 2528 704 2568; x_wconf 86' lang='lat' dir='ltr'><strong><em>ra</em></strong></span> <span class='ocrx_word' id='word_1_143' title='bbox 717 2507 894 2587; x_wconf 84' lang='lat' dir='ltr'><strong><em>suburbanis</em></strong></span> <span class='ocrx_word' id='word_1_144' title='bbox 907 2509 987 2568; x_wconf 80' lang='lat' dir='ltr'><strong><em>acis·</em></strong></span> 
     </span>
     <span class='ocr_line' id='line_1_22' title="bbox 76 2613 988 2693; baseline -0.003 -19"><span class='ocrx_word' id='word_1_145' title='bbox 76 2616 212 2687; x_wconf 88' lang='lat' dir='ltr'><strong><em>tentibus,</em></strong></span> <span class='ocrx_word' id='word_1_146' title='bbox 225 2613 386 2692; x_wconf 82' lang='lat' dir='ltr'><strong><em>instantem</em></strong></span> <span class='ocrx_word' id='word_1_147' title='bbox 395 2621 511 2673; x_wconf 86' lang='lat' dir='ltr'><strong><em>marten</em></strong></span> <span class='ocrx_word' id='word_1_148' title='bbox 519 2613 692 2693; x_wconf 74' lang='lat' dir='ltr'><strong><em>expirantis</em></strong></span> <span class='ocrx_word' id='word_1_149' title='bbox 705 2613 818 2690; x_wconf 74' lang='lat' dir='ltr'><strong><em>egroti,</em></strong></span> <span class='ocrx_word' id='word_1_150' title='bbox 833 2616 868 2683; x_wconf 82' lang='lat' dir='ltr'><strong><em>ut</em></strong></span> <span class='ocrx_word' id='word_1_151' title='bbox 882 2630 956 2693; x_wconf 90' lang='lat' dir='ltr'><strong><em>pro</em></strong></span> <span class='ocrx_word' id='word_1_152' title='bbox 956 2631 988 2672; x_wconf 87' lang='lat' dir='ltr'><strong><em>ea</em></strong></span> 
     </span>
     <span class='ocr_line' id='line_1_23' title="bbox 75 2718 425 2798; baseline -0.009 -18"><span class='ocrx_word' id='word_1_153' title='bbox 75 2719 167 2782; x_wconf 85' lang='lat' dir='ltr'><strong><em>Deum</em></strong></span> <span class='ocrx_word' id='word_1_154' title='bbox 180 2736 286 2798; x_wconf 86' lang='lat' dir='ltr'><strong><em>rogare</em></strong></span> <span class='ocrx_word' id='word_1_155' title='bbox 295 2718 425 2798; x_wconf 83' lang='lat' dir='ltr'><strong><em>possint.</em></strong></span> 
     </span>
    </p>

    <p class='ocr_par' dir='ltr' id='par_1_8' title="bbox 75 2796 1079 3436">
     <span class='ocr_line' id='line_1_24' title="bbox 110 2796 987 2906; baseline -0.003 -19"><span class='ocrx_word' id='word_1_156' title='bbox 110 2825 246 2906; x_wconf 81' lang='lat' dir='ltr'><strong><em>Egreesa</em></strong></span> <span class='ocrx_word' id='word_1_157' title='bbox 280 2823 378 2891; x_wconf 84' lang='lat' dir='ltr'><strong><em>anina</em></strong></span> <span class='ocrx_word' id='word_1_158' title='bbox 410 2825 445 2882; x_wconf 83' lang='lat' dir='ltr'><strong><em>be</em></strong></span> <span class='ocrx_word' id='word_1_159' title='bbox 479 2821 739 2902; x_wconf 69' lang='lat' dir='ltr'><strong><em>superauctis</em></strong></span> <span class='ocrx_word' id='word_1_160' title='bbox 775 2817 893 2881; x_wconf 83' lang='lat' dir='ltr'><strong><em>dicatur</em></strong></span> <span class='ocrx_word' id='word_1_161' title='bbox 933 2796 987 2885; x_wconf 83' lang='lat' dir='ltr'><strong><em>boc</em></strong></span> 
     </span>
     <span class='ocr_line' id='line_1_25' title="bbox 75 2923 987 3016; baseline -0.006 -22"><span class='ocrx_word' id='word_1_162' title='bbox 75 2923 124 3012; x_wconf 64' lang='lat' dir='ltr'><strong><em>ii</em></strong></span> <span class='ocrx_word' id='word_1_163' title='bbox 120 2929 299 3016; x_wconf 82' lang='lat' dir='ltr'><strong><em>Subvenite</em></strong></span> <span class='ocrx_word' id='word_1_164' title='bbox 324 2928 431 2990; x_wconf 83' lang='lat' dir='ltr'><strong><em>Sancti</em></strong></span> <span class='ocrx_word' id='word_1_165' title='bbox 452 2927 527 2998; x_wconf 89' lang='lat' dir='ltr'><strong><em>Dei,</em></strong></span> <span class='ocrx_word' id='word_1_166' title='bbox 536 2924 696 2988; x_wconf 84' lang='lat' dir='ltr'><strong><em>occurrite</em></strong></span> <span class='ocrx_word' id='word_1_167' title='bbox 719 2926 837 3008; x_wconf 82' lang='lat' dir='ltr'><strong><em>Angeli</em></strong></span> <span class='ocrx_word' id='word_1_168' title='bbox 853 2927 987 3000; x_wconf 86' lang='lat' dir='ltr'><strong><em>Domini,</em></strong></span> 
     </span>
     <span class='ocr_line' id='line_1_26' title="bbox 76 3031 1079 3119; baseline -0.004 -21"><span class='ocrx_word' id='word_1_169' title='bbox 76 3036 275 3119; x_wconf 81' lang='lat' dir='ltr'><strong><em>suscipientes</em></strong></span> <span class='ocrx_word' id='word_1_170' title='bbox 286 3034 414 3096; x_wconf 82' lang='lat' dir='ltr'><strong><em>enimam</em></strong></span> <span class='ocrx_word' id='word_1_171' title='bbox 427 3033 503 3112; x_wconf 86' lang='lat' dir='ltr'><strong><em>ejus,</em></strong></span> <span class='ocrx_word' id='word_1_172' title='bbox 515 3031 687 3093; x_wconf 81' lang='lat' dir='ltr'><strong><em>offerentes</em></strong></span> <span class='ocrx_word' id='word_1_173' title='bbox 699 3052 765 3095; x_wconf 85' lang='lat' dir='ltr'><strong><em>eam</em></strong></span> <span class='ocrx_word' id='word_1_174' title='bbox 779 3032 811 3093; x_wconf 91' lang='lat' dir='ltr'><strong><em>in</em></strong></span> <span class='ocrx_word' id='word_1_175' title='bbox 823 3041 988 3116; x_wconf 80' lang='lat' dir='ltr'><strong><em>conspectu</em></strong></span> <span class='ocrx_word' id='word_1_176' title='bbox 1077 3106 1079 3111; x_wconf 21' lang='grc' dir='ltr'>Ι</span> 
     </span>
     <span class='ocr_line' id='line_1_27' title="bbox 76 3129 987 3220; baseline -0.002 -17"><span class='ocrx_word' id='word_1_177' title='bbox 76 3140 237 3205; x_wconf 81' lang='lat' dir='ltr'><strong><em>Altissimi.</em></strong></span> <span class='ocrx_word' id='word_1_178' title='bbox 270 3129 318 3211; x_wconf 58' lang='lat' dir='ltr'><strong><em>bb.</em></strong></span> <span class='ocrx_word' id='word_1_179' title='bbox 339 3138 493 3220; x_wconf 74' lang='lat' dir='ltr'><strong><em>suscipiet</em></strong></span> <span class='ocrx_word' id='word_1_180' title='bbox 516 3145 548 3200; x_wconf 88' lang='lat' dir='ltr'><strong><em>te</em></strong></span> <span class='ocrx_word' id='word_1_181' title='bbox 569 3134 710 3201; x_wconf 87' lang='lat' dir='ltr'><strong><em>Christus</em></strong></span> <span class='ocrx_word' id='word_1_182' title='bbox 731 3138 785 3220; x_wconf 91' lang='lat' dir='ltr'><strong><em>qui</em></strong></span> <span class='ocrx_word' id='word_1_183' title='bbox 804 3139 925 3202; x_wconf 80' lang='lat' dir='ltr'><strong><em>vocavit</em></strong></span> <span class='ocrx_word' id='word_1_184' title='bbox 945 3147 987 3210; x_wconf 85' lang='lat' dir='ltr'><strong><em>te,</em></strong></span> 
     </span>
     <span class='ocr_line' id='line_1_28' title="bbox 76 3236 987 3326; baseline -0.003 -18"><span class='ocrx_word' id='word_1_185' title='bbox 76 3253 106 3310; x_wconf 88' lang='lat' dir='ltr'><strong><em>et</em></strong></span> <span class='ocrx_word' id='word_1_186' title='bbox 122 3247 156 3309; x_wconf 87' lang='lat' dir='ltr'><strong><em>in</em></strong></span> <span class='ocrx_word' id='word_1_187' title='bbox 176 3247 277 3309; x_wconf 88' lang='lat' dir='ltr'><strong><em>sinum</em></strong></span> <span class='ocrx_word' id='word_1_188' title='bbox 291 3244 421 3307; x_wconf 82' lang='lat' dir='ltr'><strong><em>Abrahae</em></strong></span> <span class='ocrx_word' id='word_1_189' title='bbox 436 3244 548 3326; x_wconf 82' lang='lat' dir='ltr'><strong><em>Angeli</em></strong></span> <span class='ocrx_word' id='word_1_190' title='bbox 571 3245 725 3309; x_wconf 80' lang='lat' dir='ltr'><strong><em>deducant</em></strong></span> <span class='ocrx_word' id='word_1_191' title='bbox 741 3250 782 3308; x_wconf 80' lang='lat' dir='ltr'><strong><em>ie·</em></strong></span> <span class='ocrx_word' id='word_1_192' title='bbox 823 3236 862 3326; x_wconf 67' lang='lat' dir='ltr'><strong><em>Bb.</em></strong></span> <span class='ocrx_word' id='word_1_193' title='bbox 884 3244 987 3306; x_wconf 84' lang='lat' dir='ltr'><strong><em>Susci-</em></strong></span> 
     </span>
     <span class='ocr_line' id='line_1_29' title="bbox 76 3337 987 3436; baseline -0.002 -24"><span class='ocrx_word' id='word_1_194' title='bbox 76 3351 190 3432; x_wconf 81' lang='lat' dir='ltr'><strong><em>pientes</em></strong></span> <span class='ocrx_word' id='word_1_195' title='bbox 215 3350 345 3420; x_wconf 83' lang='lat' dir='ltr'><strong><em>animem</em></strong></span> <span class='ocrx_word' id='word_1_196' title='bbox 373 3337 449 3430; x_wconf 80' lang='lat' dir='ltr'><strong><em>ejus,</em></strong></span> <span class='ocrx_word' id='word_1_197' title='bbox 476 3348 645 3436; x_wconf 73' lang='lat' dir='ltr'><strong><em>offerentes</em></strong></span> <span class='ocrx_word' id='word_1_198' title='bbox 670 3373 736 3418; x_wconf 83' lang='lat' dir='ltr'><strong><em>eam</em></strong></span> <span class='ocrx_word' id='word_1_199' title='bbox 762 3350 795 3411; x_wconf 89' lang='lat' dir='ltr'><strong><em>in</em></strong></span> <span class='ocrx_word' id='word_1_200' title='bbox 823 3355 987 3432; x_wconf 84' lang='lat' dir='ltr'><strong><em>conspectu</em></strong></span> 
     </span>
    </p>
   </div>
   <div class='ocr_carea' id='block_1_8' title="bbox 76 3449 1091 3542">
    <p class='ocr_par' dir='ltr' id='par_1_9' title="bbox 76 3449 1091 3542">
     <span class='ocr_line' id='line_1_30' title="bbox 76 3449 1091 3542; baseline -0.008 -24"><span class='ocrx_word' id='word_1_201' title='bbox 76 3457 236 3522; x_wconf 77' lang='lat' dir='ltr'><strong><em>Altissimi.</em></strong></span> <span class='ocrx_word' id='word_1_202' title='bbox 277 3449 320 3534; x_wconf 57' lang='lat' dir='ltr'><strong><em>it.</em></strong></span> <span class='ocrx_word' id='word_1_203' title='bbox 340 3455 490 3537; x_wconf 84' lang='lat' dir='ltr'><strong><em>Requiem</em></strong></span> <span class='ocrx_word' id='word_1_204' title='bbox 503 3462 651 3536; x_wconf 65' lang='lat' dir='ltr'><strong><em>aeternam</em></strong></span> <span class='ocrx_word' id='word_1_205' title='bbox 664 3465 745 3533; x_wconf 76' lang='lat' dir='ltr'><strong><em>done</em></strong></span> <span class='ocrx_word' id='word_1_206' title='bbox 757 3457 786 3520; x_wconf 91' lang='lat' dir='ltr'><strong><em>ei</em></strong></span> <span class='ocrx_word' id='word_1_207' title='bbox 803 3456 942 3527; x_wconf 88' lang='lat' dir='ltr'><strong><em>Domine,</em></strong></span> <span class='ocrx_word' id='word_1_208' title='bbox 956 3456 988 3512; x_wconf 85' lang='lat' dir='ltr'><strong><em>et</em></strong></span> <span class='ocrx_word' id='word_1_209' title='bbox 1087 3536 1091 3542; x_wconf 25' lang='lat'><strong>·</strong></span> 
     </span>
    </p>
   </div>
   <div class='ocr_carea' id='block_1_9' title="bbox 194 3568 233 3630">
    <p class='ocr_par' dir='ltr' id='par_1_10' title="bbox 194 3568 233 3630">
     <span class='ocr_line' id='line_1_31' title="bbox 194 3568 233 3630; baseline 0 -26"><span class='ocrx_word' id='word_1_210' title='bbox 194 3568 233 3630; x_wconf 61' lang='lat'><strong><em>7*</em></strong></span> 
     </span>
    </p>
   </div>
   <div class='ocr_carea' id='block_1_10' title="bbox 0 0 1108 4004">
    <p class='ocr_par' dir='ltr' id='par_1_11' title="bbox 0 0 1108 4004">
     <span class='ocr_line' id='line_1_32' title="bbox 0 0 1108 4004; baseline 0 0"><span class='ocrx_word' id='word_1_211' title='bbox 0 0 1108 4004; x_wconf 95' lang='lat' dir='ltr'><strong><em> </em></strong></span> 
     </span>
    </p>
   </div>
  </div>
 </body>
</html>
