2234 4006
27 250 33 267 '¹
61 254 69 269 ”
151 270 189 325 18
390 284 429 327 nn
450 283 651 326 ssomueuro
673 284 825 327 nerrrsrn.

149 425 225 488 rium
254 426 414 507 pervenire
443 432 605 488 mereatur.
631 426 691 486 Per
718 425 874 488 Christum
902 429 1063 492 Dominum

150 536 300 592 nostrum.
320 516 358 607 ll)
383 532 493 594 Amen.

191 633 311 698 Deinde
338 638 469 718 imponat
497 657 613 698 monum
640 656 728 719 cuper
755 644 842 720 capot
867 641 1005 723 insontis,
1034 660 1064 698 oo

153 747 251 807 dicat:

549 842 673 885 oremus.

223 944 481 1007 MNIPOTENS
504 945 687 1027 sempiterne
708 947 805 1017 Deus,
828 947 920 1008 Pater
944 946 1066 1009 Domini

241 1051 337 1113 nostri
349 1053 421 1112 lesu
436 1050 562 1121 Christi,
578 1051 729 1133 respicere
740 1051 865 1134 dignare
880 1071 973 1134 super
984 1053 1064 1116 hunc

150 1157 299 1239 tumulum
318 1163 405 1218 tuum
424 1156 469 1216 N.
489 1176 579 1236 quem
602 1155 641 1217 ed
665 1156 839 1218 rudimenta
862 1156 936 1219 fidei
957 1178 1067 1222 vocure

152 1265 295 1345 dignatus
316 1284 368 1335 es;
389 1284 508 1333 omnem
529 1262 696 1325 cecitatem
712 1263 813 1324 cordis
826 1265 863 1324 ab
877 1284 913 1325 eo
927 1267 1049 1347 expelle
1057 1286 1066 1337 ;

152 1370 306 1452 disrumpe
327 1389 430 1431 omnes
452 1369 578 1449 laqueos
592 1375 714 1440 setene,
729 1367 838 1449 quibus
858 1370 960 1432 fuerat
979 1366 1066 1432 colli·

151 1482 259 1557 gutus3
280 1475 372 1557 aperi·
378 1475 406 1537 ei
421 1475 551 1536 Domine
568 1475 693 1555 januum
709 1474 831 1556 pietatis
846 1481 916 1546 tue,
930 1482 967 1537 ut
980 1478 1067 1560 signo

150 1581 309 1664 sapientise
323 1587 382 1642 tuae
393 1580 537 1650 imbutus,
549 1579 681 1640 omniurn
693 1578 894 1660 cupiditatum
908 1579 1067 1642 ioetoribus

151 1694 263 1759 curent,
286 1694 319 1748 et
341 1687 380 1748 ad
405 1706 528 1748 suavem
554 1685 678 1746 odorem
702 1690 920 1767 preceptorum
945 1693 1067 1748 tuorum

149 1794 241 1856 laetus
255 1793 311 1855 tibi
324 1792 357 1853 in
370 1791 512 1854 Ecclesia
525 1798 578 1853 tuo
591 1789 754 1861 deserviet,
765 1797 798 1851 et
809 1789 950 1872 proficiat
963 1791 1003 1851 de
1017 1793 1067 1853 die

149 1902 182 1962 in
205 1900 295 1962 diem.
317 1901 377 1960 Per
394 1898 533 1960 eumdem
554 1896 710 1958 Christum
731 1896 895 1958 Dominum
916 1903 1068 1966 nostrum.

149 1987 466 2163 &appeusam
478 2102 630 2163 dmedioat
646 2103 747 2174 salem,
761 2103 815 2182 qui
828 2104 920 2165 semel
931 2105 1066 2168 benedic·

151 2213 202 2268 tuo
215 2209 296 2267 elide
311 2207 350 2268 ad
362 2205 596 2270 cumdemusum
610 2206 757 2267 deservire
766 2212 874 2288 potest.

424 2382 438 2421 :r
469 2356 639 2417 Benedictio
657 2357 752 2432 *Salio

221 2490 408 2571 XORCIZO
422 2495 453 2550 te
465 2494 604 2550 creatura
616 2489 699 2560 solis,
709 2490 741 2551 in
756 2490 877 2552 nomine
892 2492 951 2554 Dei
965 2493 1068 2556 Petris

240 2596 466 2678 omnipotentis,
487 2596 523 2668 ᾖ(
544 2600 575 2655 et
599 2596 631 2657 in
652 2595 942 2660 eharitate'Domini
969 2599 1068 2660 nostri

148 2704 222 2767 lesu
237 2703 363 2774 Christi,
377 2708 412 2781 ᾖ(
426 2709 458 2765 et
470 2703 502 2764 in
513 2703 627 2764 uirtute
643 2702 774 2782 Spiritus
789 2703 898 2764 sancti.
912 2702 947 2774 ᾖ
966 2705 1067 2765 Exor-

149 2809 218 2870 cizo
232 2798 263 2871 te
283 2828 337 2891 per
357 2809 456 2872 Deum
469 2808 583 2884 virum,
599 2805 633 2877 ᾖ
646 2826 700 2888 per
719 2807 817 2867 Deum
830 2827 948 2879 rerum,
962 2806 998 2878 ᾖ(
1011 2830 1068 2891 per

151 2917 250 2990 Deum
276 2922 425 2986 sanctum,
446 2915 551 2997 fflper
574 2914 672 2974 Deum
694 2918 728 2990 ᾖ
747 2912 801 2992 qui
821 2919 852 2974 te
873 2914 911 2974 ad
935 2915 1067 2975 tutelam

147 3003 272 3082 humani
284 3020 404 3102 generis
417 3020 599 3101 procreavit,
613 3025 645 3079 et
662 3019 774 3100 populo
787 3017 923 3079 venienti
937 3019 976 3080 ad
998 3040 1066 3080 ore-

149 3127 311 3188 dulitstem
331 3145 385 3206 per
399 3145 502 3186 servos
523 3145 594 3193 suos
612 3123 784 3184 consecrari
804 3123 961 3206 praecepit,
975 3132 1013 3185 ut
1033 3125 1068 3184 in

149 3232 271 3295 nomine
285 3235 396 3291 sanctae
411 3231 573 3293 Trinitatis
587 3229 726 3294 efficiaris
739 3229 871 3292 salutare
886 3232 1068 3292 Sacramen-

147 3345 214 3399 tum
235 3337 273 3396 ed
296 3336 487 3418 effugandum
512 3337 678 3399 inimicum.
718 3325 1013 3418 Proinde'rogamus
1034 3343 1068 3400 te

148 3441 278 3507 Domine
299 3443 383 3504 Deus
397 3448 510 3512 noster,
525 3449 560 3504 ut
580 3443 657 3504 hanc
673 3450 842 3506 creaturum
862 3444 935 3504 salis
950 3443 1067 3505 sancti·

149 3549 268 3612 licendo
283 3547 466 3619 sanctifices,
479 3544 513 3623 >lt
526 3555 559 3610 et
571 3549 780 3612 benedicendo
794 3548 968 3622 benedicas,
981 3544 1018 3618 K<
1031 3558 1069 3615 ut
