2234 4006
70 152 107 195 „s
216 166 218 171 ,
284 162 287 167 .

90 227 129 296 8'0
438 252 478 294 uu
501 254 656 302 ursanus.

87 393 182 478 gratis
195 393 318 457 omuino
335 394 538 475 sepeliantur:
559 416 594 457 ac
611 394 851 458 debitalumiua
865 397 927 459 suis
945 397 994 459 im·

87 476 243 559 pensioni
262 496 337 556 opus
358 476 461 547 fuerit,
481 477 644 550 adhibeant
663 476 847 540 Sacerdotes
869 479 907 539 ad
927 499 994 558 qnos

88 554 227 623 defuncti
247 577 319 617 cora
332 557 476 637 pertinet,
490 558 545 619 vel,
560 557 663 637 aliqua
676 557 727 639 pia
746 557 994 630 Confraternitas,

89 638 115 698 si
128 635 231 707 fuerit,
241 637 334 717 juxta
347 636 407 698 loci
423 637 683 699 consuetudinem.

128 716 188 777 Ubi
201 716 285 809 viget
297 718 423 797 antiqua
437 720 624 780 consuetudo
638 715 806 799 sepeliendi
819 726 956 782 mortuos
965 718 994 782 in

87 794 290 869 Ooemetcrris,
304 799 482 869 retineatur,
494 807 526 860 et
538 799 589 859 ubi
603 798 670 861 lieri
683 804 799 882 potest,
806 801 994 870 restituatun
1032 856 1034 867 ,

85 883 120 941 ut
131 877 204 939 rard
218 878 269 939 cui
288 879 373 940 locus
388 881 550 1020 sepultura
564 879 685 941 dabitur
704 877 737 939 in
750 879 906 952 Ecclesia,
920 879 993 944 humi

66 955 205 1098 ''tantlpm
231 960 330 1020 detur.
370 958 416 1021 Ca
438 979 528 1022 avera
554 966 655 1022 autern
681 978 775 1041 prope
802 960 915 1029 altaria
939 980 992 1023 nun
1032 970 1034 1009 i

35 1094 39 1101 ,
81 1050 122 1106 ue
174 1039 286 1101 iantur.
661 1103 664 1111 ,
1024 1074 1026 1081 ·

123 1059 294 1200 ¹Seepnlchra
308 1121 506 1182 Sacerdotum
521 1126 553 1182 et
573 1119 763 1188 clericorum
778 1121 992 1203 cujuscumuiuc

87 1199 222 1271 Ordinis,
236 1202 287 1263 nbi
307 1200 374 1262 fieri
393 1207 504 1283 potest,
520 1201 539 1259 a
555 1201 723 1295 sepulchris
743 1201 894 1268 laicorum
914 1222 991 1285 sepa·
1032 1228 1034 1281 ξ

86 1287 152 1342 rata
166 1281 237 1353 sint,
254 1303 289 1344 ac
303 1282 472 1351 decentiori
491 1282 558 1343 loco
573 1290 650 1354 sita3
669 1289 763 1363 atque
776 1282 832 1353 ita,
846 1283 898 1344 ubi
919 1304 991 1345 com-

87 1363 207 1429 modnrn
228 1363 331 1432 fuerit,
347 1370 381 1424 ut
394 1362 454 1424 alia
467 1383 521 1443 pro
536 1363 761 1435 Sacerdotibus,
776 1363 838 1425 alia
854 1367 908 1445 pro
922 1364 991 1427 insc-

12 1480 16 1487 ·
85 1440 173 1503 riuris
188 1443 312 1516 Ordinis
325 1444 472 1504 Ecclesiae
487 1442 633 1503 ministris
647 1450 752 1526 parata
765 1444 839 1506 sint·
1032 1516 1034 1521 ¹

127 1523 285 1593 Sacerdos,
300 1529 353 1584 aut
373 1523 507 1603 cujusvis
528 1523 652 1587 Ordinis
673 1523 820 1603 Clericus,
833 1524 992 1586 defunctus

86 1603 221 1664 restibus
242 1604 304 1664 suis
318 1602 502 1682 quotidianis
523 1604 729 1683 communibus
750 1606 901 1686 usquead
922 1605 991 1666 tala-
1032 1608 1034 1677 i

85 1705 150 1745 rem
176 1692 292 1745 vestem
311 1683 482 1753 inclusive,
511 1688 580 1748 turn
606 1683 737 1767 desuper
768 1705 857 1759 sacro
886 1685 992 1746 vestitu
1032 1682 1034 1707 ⁵

87 1764 275 1828 Sacerdotali
289 1764 338 1824 ve'l
359 1762 513 1834 Clericali,
528 1782 619 1843 quem
640 1764 763 1827 Ordinis
785 1765 833 1826 sni
854 1765 931 1828 ratio
944 1765 992 1829 de·

87 1847 196 1927 poscit,
210 1845 297 1907 indui
316 1845 415 1907 debet.
459 1845 608 1906 Sacerdos
622 1845 859 1928 quiden-super
872 1847 992 1915 talarem

85 1935 212 1998 vestem,
239 1926 361 1997 amictu,
390 1927 469 1999 alba,
497 1925 630 2007 cingulo,
658 1927 822 2009 manipulo,
838 1929 941 2000 stola,
965 1933 993 1989 et

86 2008 190 2069 casula
212 2027 265 2067 sen
285 2007 409 2091 planeta
428 2006 563 2068 violacea
582 2007 624 2068 sit
644 2004 780 2068 indutus.
1032 2060 1034 2067 .

126 2088 279 2147 Diaconos
291 2086 363 2145 verd
377 2086 521 2146 induatur
529 2087 657 2158 amictu,
669 2088 746 2158 alba,
758 2087 893 2168 cingulo,
904 2085 992 2159 mani?

85 2167 168 2248 pulo,
184 2166 262 2226 stola
282 2165 540 2245 superbonorum
562 2167 729 2239 sinistrum,
744 2187 815 2249 quae
835 2169 893 2231 sub
905 2164 992 2233 axilla

65 2289 68 2295 Δ
85 2248 194 2308 dextra
207 2253 397 2315 annectatur,
412 2251 444 2305 et
456 2245 628 2309 Dalmatica
641 2247 784 2310 violacea.

125 2325 334 2464 Subdialclonus
348 2333 449 2388 autern
460 2325 583 2399 amictu,
595 2330 673 2400 alba,
686 2329 819 2412 cingulo,
831 2328 991 2410 manipulo,

85 2413 117 2468 et
130 2405 232 2467 tunice
259 2426 287 2466 a.
553 2422 556 2426 ·
657 2436 659 2441 ·
789 2459 792 2463 ,
891 2418 894 2422 ’

124 2487 189 2548 Ani
213 2485 363 2569 praetereai
382 2483 558 2572 inferiorum
579 2488 726 2552 Ordinnm
750 2488 866 2551 Clerici
892 2508 990 2571 super·

74 2569 213 2649 ‚pelliceo
233 2586 324 2648 supra
336 2574 452 2628 vestem
470 2567 595 2629 talarem
611 2571 712 2637 ornari
732 2570 864 2642 debent3
885 2568 991 2652 singuli

84 2649 221 2732 predicti
235 2645 305 2710 c'um
319 2653 444 2708 tonsura
456 2669 492 2709 ac
505 2647 626 2710 birretis
641 2652 728 2712 suis(-

122 2730 252 2806 Nullnm
266 2727 356 2811 porrd
370 2729 499 2789 cadaver
512 2749 566 2809 per
588 2739 663 2793 etoae
675 2729 837 2812 sepultura
850 2729 992 2792 traditum

83 2807 121 2872 e'x
135 2812 199 2872 ulla
213 2809 347 2891 cujusvis
364 2809 489 2902 Ordinis
503 2751 643 2874 Ecclesia
656 2811 804 2895 asportari
817 2809 922 2882 liceat,
937 2809 992 2872 nisi

84 2891 122 2951 de
137 2891 261 2952 licentia
278 2889 440 2951 Ordiuarir.
518 2951 520 2954 ,
607 2913 609 2917 ’
770 2910 772 2914 ·
817 2905 819 2910 ·
882 2925 884 2928 >

123 2971 210 3031 Laici
224 2971 362 3040 cadaver,
378 2968 514 3049 quolibet
526 2970 645 3063 generis
660 2977 713 3035 ant
733 2964 891 3053 dignitatis
904 2970 992 3033 titulo

83 3051 228 3132 praeditus
241 3051 295 3111 ille
308 3049 411 3120 fuerit,
427 3050 541 3120 Clerici
556 3071 594 3112 ne
607 3052 756 3124 deserant,
772 3054 824 3113 sed
840 3051 924 3114 laici.
939 3101 941 3104 .

124 3130 258 3212 Corpora
284 3129 495 3190 defunctorum
522 3129 554 3202 in
583 3132 724 3195 Ecclesia
745 3134 892 3274 ponenda
924 3136 992 3193 sunt

68 3277 69 3282 η
84 3210 211 3292 pedibus
225 3208 329 3270 versus
343 3209 439 3286 altare
453 3210 560 3289 majus,
574 3214 624 3274 vel
646 3213 672 3274 si
686 3235 743 3276 con
768 3219 859 3275 untur
874 3213 905 3274 in
920 3213 991 3274 Ora·

82 3291 168 3352 toriis
189 3296 242 3351 ant
262 3287 408 3370 Capellis,
429 3297 580 3370 ponantur
600 3312 669 3354 cnm
689 3295 816 3377 pedibus
836 3294 935 3356 versis
955 3292 991 3354 ad

42 3445 45 3447 ‚
81 3371 202 3435 illarum
221 3369 347 3434 altariar
373 3370 455 3449 quod
475 3370 564 3434 etiarn
584 3394 639 3456 pro
661 3375 720 3440 situ
746 3382 778 3440 et
797 3376 865 3438 loco
884 3373 943 3438 fiat
961 3373 992 3436 in
