2234 4006
167 109 205 165 80
338 114 344 127 ·
406 122 445 162 ur
467 122 665 164 sacaanauro
681 122 841 167 ,aurursus

561 325 685 369 ORRMUS.

115 456 121 467 '
240 457 319 519 ΕΗΒ
346 458 470 518 Patrum
494 465 676 528 nostrorum,
700 460 782 520 Deus
800 459 948 520 uuiversae
973 459 1078 520 condi-

259 568 307 624 tor
335 562 483 634 veritatiS,
511 571 542 624 te
569 564 723 645 supplices
752 543 909 627 exoramus
936 571 972 625 ut
1000 565 1078 625 hunc

28 659 31 663 ⁵
72 708 75 713 -
129 669 309 729 :famulum
329 675 415 729 tuum
429 669 471 729 N.
486 668 642 750 respicere
652 668 785 751 digneris
800 670 958 750 propitius,
973 677 1011 731 ut
1023 671 1078 731 hoc

163 774 305 855 pabulum
317 756 389 833 salis
401 780 573 854 gustantem
585 794 645 834 non
657 774 771 835 diutius
783 775 896 836 esurire
908 776 1077 857 permittas,

140 906 144 911 ·
163 879 224 958 qud
239 877 335 938 minias
350 878 416 939 cibo
430 880 587 959 expleatur
598 880 728 950 coelesti,
741 878 890 959 quatenhs
905 882 947 942 sit
960 901 1078 962 semper

164 984 272 1066 spiritu
288 985 420 1054 fervens,
436 1005 489 1067 spe
509 986 656 1064 gaudens,
670 993 723 1049 tuo
738 1005 856 1066 semper
878 985 994 1046 nomini
1016 1006 1077 1047 ser-

163 1090 260 1161 viens,
275 1096 307 1151 et
321 1109 412 1169 quern
426 1090 465 1150 ad
482 1109 567 1151 novae
582 1089 819 1171 regenerationis
833 1093 990 1152 lavacrum
1010 1112 1077 1173 per·

162 1195 287 1266 duxisti,
313 1215 496 1274 quaesumus,
522 1196 662 1267 Domine,
687 1203 723 1257 ut
750 1216 820 1257 cum
846 1196 989 1259 fidelibus
1018 1197 1076 1258 tuis

162 1300 394 1383 promissionum
409 1308 533 1362 tuarum
545 1308 658 1362 aterna
678 1303 801 1383 praemia
814 1302 962 1383 consequi
981 1322 1076 1363 mere-

162 1414 241 1469 atur.
261 1406 322 1467 Per
336 1405 493 1467 Christum
507 1407 669 1467 Dominum
686 1415 833 1468 nostrum.
853 1389 892 1478 Β).
914 1410 1026 1468 Amen.

202 1511 279 1570 Post
300 1511 362 1572 lraec
379 1511 468 1593 facto
492 1511 579 1590 signo
608 1511 712 1572 Crucis
738 1513 772 1572 in
789 1511 895 1593 fronte
924 1513 1074 1591 baptizali,

162 1616 306 1696 dictisque
327 1616 391 1676 illis
410 1617 528 1677 verbio.-

200 1725 243 1784 ut
268 1723 324 1783 hoc
353 1723 472 1804 signum
500 1722 621 1794 Crucis,
645 1727 679 1798 »Β
700 1722 866 1801 quod'nos
893 1721 988 1783 fronti
1014 1723 1073 1802 ejus

161 1829 279 1898 damus,
293 1836 326 1889 tu
342 1828 504 1889 maledicte
518 1828 637 1888 diabole
652 1837 816 1908 numquam
830 1827 942 1888 audeas
953 1827 1073 1888 violare.

160 1932 221 1994 Per
233 1931 371 1991 eumdem
387 1932 544 1992 Christum
559 1932 723 1993 Dominum
736 1939 884 1993 nostrum.
905 1924 944 2013 [d
967 1934 1071 1994 Amen.

161 2037 260 2098 Manu
273 2054 359 2118 caper
374 2040 461 2115 caput
475 2037 540 2117 ejus
553 2035 697 2114 impositu,
713 2037 804 2098 dicit:
831 2106 835 2110 ¹
887 2041 902 2091 .’

556 2212 684 2281 OREMCB.

258 2345 446 2406 TERNAM
458 2365 494 2406 ac
504 2345 705 2426 justissimam
717 2348 860 2429 pietatem
872 2353 956 2408 tuom
969 2349 1070 2429 depre-
1107 2376 1111 2429 p

278 2452 485 2524 cor,‚D0mine
506 2454 728 2524 sancte,·Pater
748 2454 949 2537 omnipotens,
965 2461 1071 2515 aeterne
1108 2432 1111 2449 Ι

160 2559 255 2629 Deus,
267 2565 372 2619 auctor
387 2558 509 2620 luminis
523 2565 555 2620 et
568 2540 717 2631 veritatis,
730 2579 820 2640 super
833 2547 913 2621 hunc
927 2560 1070 2622 famulum

159 2672 247 2724 tuum
266 2664 310 2724 N.
325 2671 359 2724 ut
380 2664 514 2753 digneris
535 2685 604 2725 eum
624 2644 799 2726 illuminare
822 2666 937 2728 lumine
959 2665 1070 2729 intelli-

159 2769 269 2851 gentiae
290 2777 368 2831 tuae=
389 2771 503 2832 munda
523 2791 603 2841 eum,
618 2778 650 2833 et
665 2760 844 2833 'sanctificas
867 2773 906 2834 da
927 2773 955 2833 ei
976 2773 1069 2835 scicn-

158 2874 232 2936 tiam
253 2892 365 2946 veram,
388 2881 423 2938 ut
447 2858 556 2956 dignus
579 2875 621 2936 sit
644 2876 705 2938 frui
727 2877 823 2959 gratia
846 2879 997 2961 Baptismi
1018 2879 1069 2947 tui,
1106 2856 1113 2933 l

160 2999 251 3060 quem
271 2980 423 3062 suscepit:
449 2985 552 3041 teneat
571 2979 688 3042 firmam
709 3003 804 3065 spem,
825 2984 987 3060 consilium
1007 3005 1068 3047 rec·
1109 3012 1113 3049 ε

158 3093 234 3158 tum,
249 3086 419 3148 doctrinam
440 3094 587 3158 sanctam,
605 3093 641 3149 ut
659 3095 748 3171 aptus
762 3090 803 3152 sit
823 3091 861 3152 ad
883 3091 1068 3152 retinendam

157 3192 284 3274 gratiam
306 3190 453 3271 Baptismi
475 3192 531 3254 tui.
551 3193 612 3255 Per
636 3192 792 3259 Christum
817 3196 981 3259 Dominum
1002 3216 1067 3258 nos·

33 3294 38 3305 ’
82 3274 85 3281 .
157 3304 249 3361 trum.
272 3275 312 3366 Pl.
331 3295 442 3356 Amen.
