<?xml version="1.0" encoding="UTF-8"?>
<!DOCTYPE html PUBLIC "-//W3C//DTD XHTML 1.0 Transitional//EN"
    "http://www.w3.org/TR/xhtml1/DTD/xhtml1-transitional.dtd">
<html xmlns="http://www.w3.org/1999/xhtml" xml:lang="en" lang="en">
 <head>
  <title>
</title>
<meta http-equiv="Content-Type" content="text/html;charset=utf-8" />
  <meta name='ocr-system' content='tesseract 3.04.00' />
  <meta name='ocr-capabilities' content='ocr_page ocr_carea ocr_par ocr_line ocrx_word'/>
</head>
<body>
  <div class='ocr_page' id='page_1' title='image "./compendiumritua00mdgoog_0080.png"; bbox 0 0 2234 4006; ppageno 0'>
   <div class='ocr_carea' id='block_1_1' title="bbox 245 246 971 347">
    <p class='ocr_par' dir='ltr' id='par_1_1' title="bbox 245 246 971 347">
     <span class='ocr_line' id='line_1_1' title="bbox 245 246 971 347; baseline 0.003 -28"><span class='ocrx_word' id='word_1_1' title='bbox 245 246 344 320; x_wconf 67' lang='lat' dir='ltr'>&#39;ono&#39;o</span> <span class='ocrx_word' id='word_1_2' title='bbox 365 279 634 337; x_wconf 77' lang='lat' dir='ltr'>connaruamonrs</span> <span class='ocrx_word' id='word_1_3' title='bbox 655 277 772 320; x_wconf 71' lang='lat' dir='ltr'>aurum.</span> <span class='ocrx_word' id='word_1_4' title='bbox 901 317 911 347; x_wconf 3' lang='lat' dir='ltr'>p,</span> <span class='ocrx_word' id='word_1_5' title='bbox 933 261 971 322; x_wconf 85' lang='lat'>69</span> 
     </span>
    </p>
   </div>
   <div class='ocr_carea' id='block_1_2' title="bbox 10 419 1029 1773">
    <p class='ocr_par' dir='ltr' id='par_1_2' title="bbox 30 419 972 608">
     <span class='ocr_line' id='line_1_2' title="bbox 99 419 972 511; baseline -0.001 -28"><span class='ocrx_word' id='word_1_6' title='bbox 99 423 186 483; x_wconf 88' lang='lat' dir='ltr'>Deus</span> <span class='ocrx_word' id='word_1_7' title='bbox 203 419 238 481; x_wconf 83' lang='lat' dir='ltr'>in</span> <span class='ocrx_word' id='word_1_8' title='bbox 252 421 436 502; x_wconf 86' lang='lat' dir='ltr'>adjutorium</span> <span class='ocrx_word' id='word_1_9' title='bbox 449 441 549 482; x_wconf 91' lang='lat' dir='ltr'>meum</span> <span class='ocrx_word' id='word_1_10' title='bbox 568 419 850 511; x_wconf 62' lang='lat' dir='ltr'>intendebomine</span> <span class='ocrx_word' id='word_1_11' title='bbox 864 420 903 482; x_wconf 90' lang='lat' dir='ltr'>ad</span> <span class='ocrx_word' id='word_1_12' title='bbox 918 420 972 482; x_wconf 87' lang='lat' dir='ltr'>ad·</span> 
     </span>
     <span class='ocr_line' id='line_1_3' title="bbox 30 509 665 608; baseline -0.005 -18"><span class='ocrx_word' id='word_1_13' title='bbox 30 526 227 608; x_wconf 88' lang='lat' dir='ltr'>-juvandum</span> <span class='ocrx_word' id='word_1_14' title='bbox 240 527 423 593; x_wconf 85' lang='lat' dir='ltr'>mefestina.</span> <span class='ocrx_word' id='word_1_15' title='bbox 461 540 463 546; x_wconf 84' lang='lat'>&#39;</span> <span class='ocrx_word' id='word_1_16' title='bbox 663 509 665 519; x_wconf 25' lang='grc' dir='ltr'>ι</span> 
     </span>
    </p>

    <p class='ocr_par' dir='ltr' id='par_1_3' title="bbox 22 628 789 820">
     <span class='ocr_line' id='line_1_4' title="bbox 95 628 789 715; baseline -0.003 -20"><span class='ocrx_word' id='word_1_17' title='bbox 95 635 175 695; x_wconf 82' lang='lat' dir='ltr'>Esto</span> <span class='ocrx_word' id='word_1_18' title='bbox 189 632 262 694; x_wconf 90' lang='lat' dir='ltr'>mihi</span> <span class='ocrx_word' id='word_1_19' title='bbox 276 628 451 695; x_wconf 63' lang='lat' dir='ltr'>Domine&#39;iu</span> <span class='ocrx_word' id='word_1_20' title='bbox 466 634 565 694; x_wconf 90' lang='lat' dir='ltr'>Deum</span> <span class='ocrx_word' id='word_1_21' title='bbox 578 639 789 715; x_wconf 75' lang='lat' dir='ltr'>protectorem.</span> 
     </span>
     <span class='ocr_line' id='line_1_5' title="bbox 22 738 696 820; baseline -0.009 -17"><span class='ocrx_word' id='word_1_22' title='bbox 22 779 25 784; x_wconf 93' lang='lat'>·</span> <span class='ocrx_word' id='word_1_23' title='bbox 96 741 184 803; x_wconf 89' lang='lat' dir='ltr'>Deus</span> <span class='ocrx_word' id='word_1_24' title='bbox 198 738 346 820; x_wconf 91' lang='lat' dir='ltr'>propitius</span> <span class='ocrx_word' id='word_1_25' title='bbox 361 745 426 800; x_wconf 88' lang='lat' dir='ltr'>esto</span> <span class='ocrx_word' id='word_1_26' title='bbox 440 738 513 800; x_wconf 89' lang='lat' dir='ltr'>mibi</span> <span class='ocrx_word' id='word_1_27' title='bbox 532 738 696 820; x_wconf 84' lang='lat' dir='ltr'>peccatori.</span> 
     </span>
    </p>

    <p class='ocr_par' dir='ltr' id='par_1_4' title="bbox 58 835 1029 1121">
     <span class='ocr_line' id='line_1_6' title="bbox 97 835 971 926; baseline -0.002 -21"><span class='ocrx_word' id='word_1_28' title='bbox 97 844 285 913; x_wconf 82' lang='lat' dir='ltr'>Dulcissimo</span> <span class='ocrx_word' id='word_1_29' title='bbox 319 845 449 906; x_wconf 85' lang='lat' dir='ltr'>Domine</span> <span class='ocrx_word' id='word_1_30' title='bbox 479 846 552 906; x_wconf 88' lang='lat' dir='ltr'>Jesu</span> <span class='ocrx_word' id='word_1_31' title='bbox 587 836 720 917; x_wconf 80' lang='lat' dir='ltr'>Christe,</span> <span class='ocrx_word' id='word_1_32' title='bbox 748 864 801 926; x_wconf 82' lang='lat' dir='ltr'>per</span> <span class='ocrx_word' id='word_1_33' title='bbox 827 835 971 905; x_wconf 79' lang='lat' dir='ltr'>virtutem</span> 
     </span>
     <span class='ocr_line' id='line_1_7' title="bbox 58 932 972 1032; baseline -0.002 -20"><span class='ocrx_word' id='word_1_34' title='bbox 58 951 258 1015; x_wconf 76' lang='lat' dir='ltr'>sanctissima</span> <span class='ocrx_word' id='word_1_35' title='bbox 286 950 440 1012; x_wconf 84' lang='lat' dir='ltr'>Passionis</span> <span class='ocrx_word' id='word_1_36' title='bbox 467 958 528 1012; x_wconf 85' lang='lat' dir='ltr'>tuae</span> <span class='ocrx_word' id='word_1_37' title='bbox 553 932 654 1032; x_wconf 86' lang='lat' dir='ltr'>recipe</span> <span class='ocrx_word' id='word_1_38' title='bbox 680 969 728 1010; x_wconf 89' lang='lat' dir='ltr'>me</span> <span class='ocrx_word' id='word_1_39' title='bbox 755 949 788 1010; x_wconf 89' lang='lat' dir='ltr'>in</span> <span class='ocrx_word' id='word_1_40' title='bbox 814 968 972 1010; x_wconf 89' lang='lat' dir='ltr'>numerum</span> 
     </span>
     <span class='ocr_line' id='line_1_8' title="bbox 59 1051 1029 1121; baseline -0.003 -4"><span class='ocrx_word' id='word_1_41' title='bbox 59 1058 227 1118; x_wconf 87' lang='lat' dir='ltr'>electorum</span> <span class='ocrx_word' id='word_1_42' title='bbox 248 1063 379 1121; x_wconf 89' lang='lat' dir='ltr'>tuorum.</span> <span class='ocrx_word' id='word_1_43' title='bbox 435 1101 438 1108; x_wconf 86' lang='lat'><em>.</em></span> <span class='ocrx_word' id='word_1_44' title='bbox 495 1085 497 1088; x_wconf 90' lang='grc'><em>·</em></span> <span class='ocrx_word' id='word_1_45' title='bbox 699 1058 702 1063; x_wconf 79' lang='grc'><strong>’</strong></span> <span class='ocrx_word' id='word_1_46' title='bbox 1026 1051 1029 1057; x_wconf 74' lang='grc'><strong>’</strong></span> 
     </span>
    </p>

    <p class='ocr_par' dir='ltr' id='par_1_5' title="bbox 97 1147 874 1245">
     <span class='ocr_line' id='line_1_9' title="bbox 97 1147 874 1245; baseline -0.009 -21"><span class='ocrx_word' id='word_1_47' title='bbox 97 1147 229 1224; x_wconf 90' lang='lat' dir='ltr'>Domine</span> <span class='ocrx_word' id='word_1_48' title='bbox 242 1163 259 1223; x_wconf 89' lang='lat' dir='ltr'>J</span> <span class='ocrx_word' id='word_1_49' title='bbox 263 1182 315 1223; x_wconf 89' lang='lat' dir='ltr'>esu</span> <span class='ocrx_word' id='word_1_50' title='bbox 331 1162 462 1245; x_wconf 81' lang='lat' dir='ltr'>Christe,</span> <span class='ocrx_word' id='word_1_51' title='bbox 478 1162 598 1245; x_wconf 83' lang='lat' dir='ltr'>suscipe</span> <span class='ocrx_word' id='word_1_52' title='bbox 612 1161 751 1243; x_wconf 89' lang='lat' dir='ltr'>spiritum</span> <span class='ocrx_word' id='word_1_53' title='bbox 765 1180 874 1221; x_wconf 89' lang='lat' dir='ltr'>meum.</span> 
     </span>
    </p>

    <p class='ocr_par' dir='ltr' id='par_1_6' title="bbox 56 1266 970 1455">
     <span class='ocr_line' id='line_1_10' title="bbox 89 1266 970 1350; baseline -0.001 -22"><span class='ocrx_word' id='word_1_54' title='bbox 89 1267 200 1333; x_wconf 52' lang='lat' dir='ltr'>¹Maria</span> <span class='ocrx_word' id='word_1_55' title='bbox 219 1276 315 1330; x_wconf 88' lang='lat' dir='ltr'>mater</span> <span class='ocrx_word' id='word_1_56' title='bbox 328 1268 445 1350; x_wconf 76' lang='lat' dir='ltr'>gratiae,</span> <span class='ocrx_word' id='word_1_57' title='bbox 458 1275 555 1329; x_wconf 89' lang='lat' dir='ltr'>mater</span> <span class='ocrx_word' id='word_1_58' title='bbox 577 1266 803 1343; x_wconf 77' lang='lat' dir='ltr'>misericordia,</span> <span class='ocrx_word' id='word_1_59' title='bbox 816 1273 851 1327; x_wconf 89' lang='lat' dir='ltr'>tu</span> <span class='ocrx_word' id='word_1_60' title='bbox 864 1286 920 1327; x_wconf 90' lang='lat' dir='ltr'>nos</span> <span class='ocrx_word' id='word_1_61' title='bbox 934 1269 970 1327; x_wconf 90' lang='lat' dir='ltr'>ab</span> 
     </span>
     <span class='ocr_line' id='line_1_11' title="bbox 56 1372 693 1455; baseline -0.003 -21"><span class='ocrx_word' id='word_1_62' title='bbox 56 1374 144 1435; x_wconf 83' lang='lat' dir='ltr'>hoste</span> <span class='ocrx_word' id='word_1_63' title='bbox 157 1380 292 1455; x_wconf 84' lang='lat' dir='ltr'>protege,</span> <span class='ocrx_word' id='word_1_64' title='bbox 307 1374 431 1448; x_wconf 75' lang='lat' dir='ltr'>ethora</span> <span class='ocrx_word' id='word_1_65' title='bbox 445 1374 549 1435; x_wconf 76' lang='lat' dir='ltr'>mortis</span> <span class='ocrx_word' id='word_1_66' title='bbox 564 1372 693 1454; x_wconf 79' lang='lat' dir='ltr'>suscipe.</span> 
     </span>
    </p>

    <p class='ocr_par' dir='ltr' id='par_1_7' title="bbox 98 1466 766 1563">
     <span class='ocr_line' id='line_1_12' title="bbox 98 1466 766 1563; baseline -0.001 -22"><span class='ocrx_word' id='word_1_67' title='bbox 98 1481 212 1563; x_wconf 84' lang='lat' dir='ltr'>Sancta</span> <span class='ocrx_word' id='word_1_68' title='bbox 226 1481 346 1562; x_wconf 80' lang='lat' dir='ltr'>Angele</span> <span class='ocrx_word' id='word_1_69' title='bbox 360 1480 430 1551; x_wconf 91' lang='lat' dir='ltr'>Dei,</span> <span class='ocrx_word' id='word_1_70' title='bbox 445 1479 518 1541; x_wconf 91' lang='lat' dir='ltr'>mibi</span> <span class='ocrx_word' id='word_1_71' title='bbox 529 1466 633 1559; x_wconf 79' lang='lat' dir='ltr'>¹custos</span> <span class='ocrx_word' id='word_1_72' title='bbox 648 1479 766 1541; x_wconf 78' lang='lat' dir='ltr'>assiste.</span> 
     </span>
    </p>

    <p class='ocr_par' dir='ltr' id='par_1_8' title="bbox 10 1584 970 1773">
     <span class='ocr_line' id='line_1_13' title="bbox 10 1584 970 1668; baseline 0.001 -23"><span class='ocrx_word' id='word_1_73' title='bbox 10 1592 13 1597; x_wconf 84' lang='grc'><strong>’</strong></span> <span class='ocrx_word' id='word_1_74' title='bbox 83 1586 331 1648; x_wconf 65' lang='grc' dir='ltr'>Ὀιιιιιοεεαιιοῒὶ</span> <span class='ocrx_word' id='word_1_75' title='bbox 352 1587 474 1668; x_wconf 84' lang='lat' dir='ltr'>Angeli,</span> <span class='ocrx_word' id='word_1_76' title='bbox 489 1593 521 1648; x_wconf 87' lang='lat' dir='ltr'>et</span> <span class='ocrx_word' id='word_1_77' title='bbox 541 1607 644 1648; x_wconf 87' lang='lat' dir='ltr'>omnes</span> <span class='ocrx_word' id='word_1_78' title='bbox 665 1587 770 1648; x_wconf 86' lang='lat' dir='ltr'>Sancti</span> <span class='ocrx_word' id='word_1_79' title='bbox 790 1584 970 1648; x_wconf 78' lang='lat' dir='ltr'>intercedite</span> 
     </span>
     <span class='ocr_line' id='line_1_14' title="bbox 58 1692 510 1773; baseline 0 -22"><span class='ocrx_word' id='word_1_80' title='bbox 58 1711 186 1773; x_wconf 83' lang='lat' dir='ltr'>prome,</span> <span class='ocrx_word' id='word_1_81' title='bbox 202 1692 318 1763; x_wconf 81' lang='lat' dir='ltr'>etmihi</span> <span class='ocrx_word' id='word_1_82' title='bbox 333 1693 510 1755; x_wconf 82' lang='lat' dir='ltr'>succurrite.</span> 
     </span>
    </p>
   </div>
   <div class='ocr_carea' id='block_1_3' title="bbox 24 1780 995 2283">
    <p class='ocr_par' dir='ltr' id='par_1_9' title="bbox 24 1780 995 2283">
     <span class='ocr_line' id='line_1_15' title="bbox 95 1780 970 1880; baseline 0 -24"><span class='ocrx_word' id='word_1_83' title='bbox 95 1795 174 1857; x_wconf 84' lang='lat' dir='ltr'>Haec</span> <span class='ocrx_word' id='word_1_84' title='bbox 188 1797 280 1858; x_wconf 92' lang='lat' dir='ltr'>ethis</span> <span class='ocrx_word' id='word_1_85' title='bbox 295 1798 406 1863; x_wconf 84' lang='lat' dir='ltr'>similia</span> <span class='ocrx_word' id='word_1_86' title='bbox 418 1780 530 1880; x_wconf 90' lang='lat' dir='ltr'>poterit</span> <span class='ocrx_word' id='word_1_87' title='bbox 542 1798 676 1879; x_wconf 91' lang='lat' dir='ltr'>prudens</span> <span class='ocrx_word' id='word_1_88' title='bbox 691 1798 838 1858; x_wconf 85' lang='lat' dir='ltr'>Sacerdos</span> <span class='ocrx_word' id='word_1_89' title='bbox 852 1796 970 1876; x_wconf 85' lang='lat' dir='ltr'>vulgari</span> 
     </span>
     <span class='ocr_line' id='line_1_16' title="bbox 36 1876 971 1962; baseline -0.002 -25"><span class='ocrx_word' id='word_1_90' title='bbox 36 1878 106 1938; x_wconf 88' lang='lat' dir='ltr'>&#39;vel</span> <span class='ocrx_word' id='word_1_91' title='bbox 129 1878 254 1962; x_wconf 84' lang='lat' dir='ltr'>-Latino</span> <span class='ocrx_word' id='word_1_92' title='bbox 282 1898 430 1949; x_wconf 87' lang='lat' dir='ltr'>sermone,</span> <span class='ocrx_word' id='word_1_93' title='bbox 457 1898 512 1960; x_wconf 91' lang='lat' dir='ltr'>pro</span> <span class='ocrx_word' id='word_1_94' title='bbox 540 1897 674 1959; x_wconf 85' lang='lat' dir='ltr'>personae</span> <span class='ocrx_word' id='word_1_95' title='bbox 703 1886 804 1958; x_wconf 88' lang='lat' dir='ltr'>captu,</span> <span class='ocrx_word' id='word_1_96' title='bbox 830 1876 971 1940; x_wconf 81' lang='lat' dir='ltr'>morienti</span> 
     </span>
     <span class='ocr_line' id='line_1_17' title="bbox 59 1978 968 2121; baseline -0.001 -22"><span class='ocrx_word' id='word_1_97' title='bbox 59 1978 93 2051; x_wconf 57' lang='grc' dir='ltr'>ω</span> <span class='ocrx_word' id='word_1_98' title='bbox 126 1978 395 2119; x_wconf 54' lang='lat' dir='ltr'>eeiplpg.sequentes</span> <span class='ocrx_word' id='word_1_99' title='bbox 415 2039 528 2099; x_wconf 86' lang='lat' dir='ltr'>Preces</span> <span class='ocrx_word' id='word_1_100' title='bbox 542 2038 656 2119; x_wconf 87' lang='lat' dir='ltr'>quanta</span> <span class='ocrx_word' id='word_1_101' title='bbox 668 2039 780 2121; x_wconf 83' lang='lat' dir='ltr'>poterit</span> <span class='ocrx_word' id='word_1_102' title='bbox 796 2037 901 2118; x_wconf 85' lang='lat' dir='ltr'>majori</span> <span class='ocrx_word' id='word_1_103' title='bbox 915 2037 968 2098; x_wconf 91' lang='lat' dir='ltr'>de·</span> 
     </span>
     <span class='ocr_line' id='line_1_18' title="bbox 56 2119 995 2198; baseline 0.003 -23"><span class='ocrx_word' id='word_1_104' title='bbox 56 2119 179 2180; x_wconf 87' lang='lat' dir='ltr'>votione</span> <span class='ocrx_word' id='word_1_105' title='bbox 207 2119 301 2191; x_wconf 87' lang='lat' dir='ltr'>dicat,</span> <span class='ocrx_word' id='word_1_106' title='bbox 326 2120 546 2198; x_wconf 90' lang='lat' dir='ltr'>admoneatque</span> <span class='ocrx_word' id='word_1_107' title='bbox 574 2119 754 2182; x_wconf 90' lang='lat' dir='ltr'>domesticos</span> <span class='ocrx_word' id='word_1_108' title='bbox 781 2125 813 2181; x_wconf 87' lang='lat' dir='ltr'>et</span> <span class='ocrx_word' id='word_1_109' title='bbox 840 2119 995 2181; x_wconf 72' lang='lat' dir='ltr'>circum·</span> 
     </span>
     <span class='ocr_line' id='line_1_19' title="bbox 24 2200 708 2283; baseline 0.004 -25"><span class='ocrx_word' id='word_1_110' title='bbox 24 2274 28 2283; x_wconf 25' lang='grc'>1</span> <span class='ocrx_word' id='word_1_111' title='bbox 57 2205 186 2270; x_wconf 87' lang='lat' dir='ltr'>stantes,</span> <span class='ocrx_word' id='word_1_112' title='bbox 202 2207 240 2261; x_wconf 88' lang='lat' dir='ltr'>ut</span> <span class='ocrx_word' id='word_1_113' title='bbox 259 2200 348 2260; x_wconf 91' lang='lat' dir='ltr'>simul</span> <span class='ocrx_word' id='word_1_114' title='bbox 370 2205 457 2261; x_wconf 87' lang='lat' dir='ltr'>orent</span> <span class='ocrx_word' id='word_1_115' title='bbox 476 2221 531 2282; x_wconf 89' lang='lat' dir='ltr'>pro</span> <span class='ocrx_word' id='word_1_116' title='bbox 552 2200 708 2262; x_wconf 87' lang='lat' dir='ltr'>moriente.</span> 
     </span>
    </p>
   </div>
   <div class='ocr_carea' id='block_1_4' title="bbox 118 2382 852 2457">
    <p class='ocr_par' dir='ltr' id='par_1_10' title="bbox 118 2382 852 2457">
     <span class='ocr_line' id='line_1_20' title="bbox 118 2382 852 2457; baseline 0.003 -25"><span class='ocrx_word' id='word_1_117' title='bbox 118 2445 121 2457; x_wconf 39' lang='grc' dir='ltr'>Ι</span> <span class='ocrx_word' id='word_1_118' title='bbox 206 2383 310 2432; x_wconf 60' lang='grc' dir='ltr'>ΔοΒ1)0</span> <span class='ocrx_word' id='word_1_119' title='bbox 332 2382 657 2433; x_wconf 85' lang='lat' dir='ltr'><strong>COMMENDATIONIS</strong></span> <span class='ocrx_word' id='word_1_120' title='bbox 675 2385 813 2434; x_wconf 85' lang='lat' dir='ltr'>ANIMAE.</span> <span class='ocrx_word' id='word_1_121' title='bbox 851 2397 852 2400; x_wconf 76' lang='grc'>’</span> 
     </span>
    </p>
   </div>
   <div class='ocr_carea' id='block_1_5' title="bbox 10 2521 969 2983">
    <p class='ocr_par' dir='ltr' id='par_1_11' title="bbox 126 2521 968 2597">
     <span class='ocr_line' id='line_1_21' title="bbox 126 2521 968 2597; baseline -0.001 -15"><span class='ocrx_word' id='word_1_122' title='bbox 126 2521 330 2597; x_wconf 78' lang='lat' dir='ltr'>AROCHUS</span> <span class='ocrx_word' id='word_1_123' title='bbox 353 2521 391 2582; x_wconf 93' lang='lat' dir='ltr'>ad</span> <span class='ocrx_word' id='word_1_124' title='bbox 412 2522 588 2585; x_wconf 86' lang='lat' dir='ltr'>decedentis</span> <span class='ocrx_word' id='word_1_125' title='bbox 609 2522 715 2583; x_wconf 78' lang='lat' dir='ltr'>anime</span> <span class='ocrx_word' id='word_1_126' title='bbox 735 2521 968 2583; x_wconf 86' lang='lat' dir='ltr'>commendatio·</span> 
     </span>
    </p>

    <p class='ocr_par' dir='ltr' id='par_1_12' title="bbox 145 2601 969 2680">
     <span class='ocr_line' id='line_1_22' title="bbox 145 2601 969 2680; baseline -0.002 -18"><span class='ocrx_word' id='word_1_127' title='bbox 145 2621 217 2663; x_wconf 89' lang='lat' dir='ltr'>nem</span> <span class='ocrx_word' id='word_1_128' title='bbox 230 2603 390 2673; x_wconf 87' lang='lat' dir='ltr'>accedens,</span> <span class='ocrx_word' id='word_1_129' title='bbox 405 2603 559 2664; x_wconf 85' lang='lat' dir='ltr'>Clericum</span> <span class='ocrx_word' id='word_1_130' title='bbox 574 2602 681 2664; x_wconf 91' lang='lat' dir='ltr'>saltem</span> <span class='ocrx_word' id='word_1_131' title='bbox 695 2622 798 2671; x_wconf 89' lang='lat' dir='ltr'>unum,</span> <span class='ocrx_word' id='word_1_132' title='bbox 814 2601 840 2661; x_wconf 91' lang='lat' dir='ltr'>si</span> <span class='ocrx_word' id='word_1_133' title='bbox 857 2609 969 2680; x_wconf 81' lang='lat' dir='ltr'>potest,</span> 
     </span>
    </p>

    <p class='ocr_par' dir='ltr' id='par_1_13' title="bbox 10 2680 968 2762">
     <span class='ocr_line' id='line_1_23' title="bbox 10 2680 968 2762; baseline 0.002 -23"><span class='ocrx_word' id='word_1_134' title='bbox 10 2691 14 2717; x_wconf 58' lang='lat'>1</span> <span class='ocrx_word' id='word_1_135' title='bbox 66 2699 162 2742; x_wconf 86' lang='lat' dir='ltr'>secum</span> <span class='ocrx_word' id='word_1_136' title='bbox 174 2681 293 2753; x_wconf 86' lang='lat' dir='ltr'>babeat,</span> <span class='ocrx_word' id='word_1_137' title='bbox 308 2681 363 2762; x_wconf 90' lang='lat' dir='ltr'>qui</span> <span class='ocrx_word' id='word_1_138' title='bbox 375 2683 493 2744; x_wconf 84' lang='lat' dir='ltr'>deserat</span> <span class='ocrx_word' id='word_1_139' title='bbox 505 2684 662 2744; x_wconf 85' lang='lat' dir='ltr'>vasculum</span> <span class='ocrx_word' id='word_1_140' title='bbox 676 2683 776 2762; x_wconf 85' lang='lat' dir='ltr'>Aqoae</span> <span class='ocrx_word' id='word_1_141' title='bbox 790 2680 968 2751; x_wconf 74' lang='lat' dir='ltr'>benedicta,</span> 
     </span>
    </p>

    <p class='ocr_par' dir='ltr' id='par_1_14' title="bbox 69 2762 969 2854">
     <span class='ocr_line' id='line_1_24' title="bbox 69 2762 969 2854; baseline 0.001 -34"><span class='ocrx_word' id='word_1_142' title='bbox 69 2763 312 2843; x_wconf 87' lang='lat' dir='ltr'>superpelliceum</span> <span class='ocrx_word' id='word_1_143' title='bbox 324 2771 355 2823; x_wconf 89' lang='lat' dir='ltr'>et</span> <span class='ocrx_word' id='word_1_144' title='bbox 364 2764 472 2831; x_wconf 90' lang='lat' dir='ltr'>stolam</span> <span class='ocrx_word' id='word_1_145' title='bbox 482 2764 657 2833; x_wconf 85' lang='lat' dir='ltr'>violaceam,</span> <span class='ocrx_word' id='word_1_146' title='bbox 668 2763 777 2842; x_wconf 87' lang='lat' dir='ltr'>quibus</span> <span class='ocrx_word' id='word_1_147' title='bbox 785 2762 850 2854; x_wconf 87' lang='lat' dir='ltr'>ipse</span> <span class='ocrx_word' id='word_1_148' title='bbox 862 2762 969 2823; x_wconf 86' lang='lat' dir='ltr'>Sacer·</span> 
     </span>
    </p>

    <p class='ocr_par' dir='ltr' id='par_1_15' title="bbox 10 2839 969 2983">
     <span class='ocr_line' id='line_1_25' title="bbox 10 2839 969 2978; baseline 0.004 -77"><span class='ocrx_word' id='word_1_149' title='bbox 10 2870 36 2925; x_wconf 55' lang='lat'>53</span> <span class='ocrx_word' id='word_1_150' title='bbox 73 2839 118 2978; x_wconf 59' lang='lat' dir='ltr'>ips</span> <span class='ocrx_word' id='word_1_151' title='bbox 129 2848 198 2903; x_wconf 87' lang='lat' dir='ltr'>ante</span> <span class='ocrx_word' id='word_1_152' title='bbox 210 2843 325 2904; x_wconf 88' lang='lat' dir='ltr'>infirmi</span> <span class='ocrx_word' id='word_1_153' title='bbox 339 2844 511 2906; x_wconf 89' lang='lat' dir='ltr'>cubiculum</span> <span class='ocrx_word' id='word_1_154' title='bbox 531 2842 668 2913; x_wconf 91' lang='lat' dir='ltr'>indutus,</span> <span class='ocrx_word' id='word_1_155' title='bbox 683 2843 783 2904; x_wconf 87' lang='lat' dir='ltr'>locum</span> <span class='ocrx_word' id='word_1_156' title='bbox 795 2842 969 2922; x_wconf 77' lang='lat' dir='ltr'>regrediens</span> 
     </span>
     <span class='ocr_line' id='line_1_26' title="bbox 102 2928 158 2983; baseline -0.018 -1"><span class='ocrx_word' id='word_1_157' title='bbox 102 2928 158 2983; x_wconf 86' lang='lat' dir='ltr'>cat:</span> 
     </span>
    </p>
   </div>
   <div class='ocr_carea' id='block_1_6' title="bbox 10 3026 894 3120">
    <p class='ocr_par' dir='ltr' id='par_1_16' title="bbox 10 3026 894 3120">
     <span class='ocr_line' id='line_1_27' title="bbox 10 3026 894 3120; baseline 0.006 -35"><span class='ocrx_word' id='word_1_158' title='bbox 10 3056 39 3104; x_wconf 60' lang='lat'>,1-</span> <span class='ocrx_word' id='word_1_159' title='bbox 108 3026 165 3088; x_wconf 82' lang='lat' dir='ltr'>Pax</span> <span class='ocrx_word' id='word_1_160' title='bbox 177 3029 246 3091; x_wconf 91' lang='lat' dir='ltr'>huic</span> <span class='ocrx_word' id='word_1_161' title='bbox 261 3029 422 3100; x_wconf 88' lang='lat' dir='ltr'>domui,·et</span> <span class='ocrx_word' id='word_1_162' title='bbox 434 3027 572 3091; x_wconf 82' lang='lat' dir='ltr'>omnibus</span> <span class='ocrx_word' id='word_1_163' title='bbox 585 3026 789 3091; x_wconf 86' lang='lat' dir='ltr'>habitantibus</span> <span class='ocrx_word' id='word_1_164' title='bbox 802 3028 894 3120; x_wconf 87' lang='lat' dir='ltr'>inea.</span> 
     </span>
    </p>
   </div>
   <div class='ocr_carea' id='block_1_7' title="bbox 10 3145 1009 3324">
    <p class='ocr_par' dir='ltr' id='par_1_17' title="bbox 10 3145 1009 3324">
     <span class='ocr_line' id='line_1_28' title="bbox 68 3145 1009 3267; baseline 0.011 -42"><span class='ocrx_word' id='word_1_165' title='bbox 68 3221 69 3225; x_wconf 75' lang='grc'>,</span> <span class='ocrx_word' id='word_1_166' title='bbox 102 3145 217 3233; x_wconf 63' lang='lat' dir='ltr'>&#39;Deinde</span> <span class='ocrx_word' id='word_1_167' title='bbox 231 3177 541 3267; x_wconf 29' lang='lat' dir='ltr'>aspergatnaegrotum</span> <span class='ocrx_word' id='word_1_168' title='bbox 554 3173 679 3244; x_wconf 86' lang='lat' dir='ltr'>lectum,</span> <span class='ocrx_word' id='word_1_169' title='bbox 694 3177 726 3234; x_wconf 88' lang='lat' dir='ltr'>et</span> <span class='ocrx_word' id='word_1_170' title='bbox 738 3173 969 3236; x_wconf 86' lang='lat' dir='ltr'>circumstantes</span> <span class='ocrx_word' id='word_1_171' title='bbox 1005 3192 1009 3197; x_wconf 86' lang='lat'><strong>·</strong></span> 
     </span>
     <span class='ocr_line' id='line_1_29' title="bbox 10 3242 472 3324; baseline -0.004 -9"><span class='ocrx_word' id='word_1_172' title='bbox 10 3260 43 3315; x_wconf 63' lang='lat' dir='ltr'>u*</span> <span class='ocrx_word' id='word_1_173' title='bbox 85 3242 472 3324; x_wconf 75' lang='lat' dir='ltr'>Aquabenedrcta,d1cens:</span> 
     </span>
    </p>
   </div>
   <div class='ocr_carea' id='block_1_8' title="bbox 10 3346 1060 3456">
    <p class='ocr_par' dir='ltr' id='par_1_18' title="bbox 10 3346 1060 3456">
     <span class='ocr_line' id='line_1_30' title="bbox 10 3346 1060 3456; baseline 0.011 -37"><span class='ocrx_word' id='word_1_174' title='bbox 10 3346 48 3419; x_wconf 59' lang='lat' dir='ltr'>aa</span> <span class='ocrx_word' id='word_1_175' title='bbox 111 3357 252 3449; x_wconf 79' lang='lat' dir='ltr'>Asperges</span> <span class='ocrx_word' id='word_1_176' title='bbox 273 3387 321 3456; x_wconf 84' lang='lat' dir='ltr'>me</span> <span class='ocrx_word' id='word_1_177' title='bbox 341 3366 471 3427; x_wconf 89' lang='lat' dir='ltr'>Domine</span> <span class='ocrx_word' id='word_1_178' title='bbox 489 3367 699 3449; x_wconf 77' lang='lat' dir='ltr'>hyssoppo,&#39;et</span> <span class='ocrx_word' id='word_1_179' title='bbox 717 3370 894 3441; x_wconf 88' lang='lat' dir='ltr'>mundabor,</span> <span class='ocrx_word' id='word_1_180' title='bbox 908 3375 969 3430; x_wconf 87' lang='lat' dir='ltr'>etc.</span> <span class='ocrx_word' id='word_1_181' title='bbox 1055 3365 1060 3373; x_wconf 79' lang='grc'>’</span> 
     </span>
    </p>
   </div>
   <div class='ocr_carea' id='block_1_9' title="bbox 104 3480 968 3588">
    <p class='ocr_par' dir='ltr' id='par_1_19' title="bbox 104 3480 968 3588">
     <span class='ocr_line' id='line_1_31' title="bbox 104 3480 968 3588; baseline 0.009 -36"><span class='ocrx_word' id='word_1_182' title='bbox 104 3480 211 3557; x_wconf 76' lang='lat' dir='ltr'>Postea</span> <span class='ocrx_word' id='word_1_183' title='bbox 230 3496 397 3586; x_wconf 75' lang='lat' dir='ltr'>salvatoris</span> <span class='ocrx_word' id='word_1_184' title='bbox 415 3496 513 3560; x_wconf 89' lang='lat' dir='ltr'>nostri</span> <span class='ocrx_word' id='word_1_185' title='bbox 527 3498 670 3588; x_wconf 87' lang='lat' dir='ltr'>crucifixi</span> <span class='ocrx_word' id='word_1_186' title='bbox 682 3498 843 3586; x_wconf 84' lang='lat' dir='ltr'>imaginem</span> <span class='ocrx_word' id='word_1_187' title='bbox 858 3505 968 3580; x_wconf 74' lang='lat' dir='ltr'>egroto</span> 
     </span>
    </p>
   </div>
   <div class='ocr_carea' id='block_1_10' title="bbox 0 0 1130 4006">
    <p class='ocr_par' dir='ltr' id='par_1_20' title="bbox 0 0 1130 4006">
     <span class='ocr_line' id='line_1_32' title="bbox 0 0 1130 4006; baseline 0 0"><span class='ocrx_word' id='word_1_188' title='bbox 0 0 1130 4006; x_wconf 95' lang='lat' dir='ltr'> </span> 
     </span>
    </p>
   </div>
  </div>
 </body>
</html>
