2234 4006
351 278 391 319 nn
415 274 705 320 ssusurcrrosmus.
731 253 734 258 ’
933 266 1016 323 117”
1106 250 1112 271 ”

10 468 13 473 ·
68 421 171 484 netur.
213 419 273 480 Per
292 421 456 482 Dominum
471 426 609 503 nostrum
630 463 662 480 ..
679 463 687 480 .
702 463 710 506 ⁶.
727 419 759 479 in
779 418 896 504 unitate
911 400 1020 510 ejus-'3

33 529 142 590 'dem
158 527 417 613 Spiritus'sancti,
432 532 493 595 etc.
554 528 585 580 s
687 514 690 521 ’

108 636 186 695 Post
199 633 451 695 Benedictionem
467 653 563 712 aquae,
580 633 728 698 Sacerdos
743 631 912 692 Dominicis
926 630 991 692 die·
1044 632 1049 638 “
1111 619 1112 623 “

68 717 136 785 bus,
148 724 313 794 autequam
326 714 453 795 incipiat
464 715 605 784 Missam,
617 713 751 796 aspergit
761 715 868 783 altare,
881 712 992 774 deinde
1038 731 1054 781 '.
1069 738 1085 776 ς

33 821 38 831 ’
69 817 113 867 se,
134 803 169 936 pt
189 797 356 866 ministroS,
378 817 413 856 ac
435 797 592 877 populum,
607 801 698 876 prout
720 795 751 864 in
770 794 891 864 Missali
912 812 993 875 prae·

70 876 132 938 scri
154 877 228 938 itur.
967 881 973 893 ’

109 958 226 1018 Postea
246 955 362 1031 Christi
377 921 485 1017 fideles
506 931 637 1036 possunt
649 956 687 1016 de
708 956 774 1037 ipsa
789 955 880 1034 Aqua
899 955 991 1019 bene-
1095 1004 1112 1026 Α.

68 1036 155 1099 dicta
175 1038 208 1097 in
223 1037 357 1099 vasculis
378 1036 441 1096 suis
464 1037 615 1117 accipere,
631 1047 663 1097 et
684 1056 788 1097 secum
810 1035 931 1095 deferre
952 1035 992 1112 ad

67 1119 276 1200 aspergendos
298 1137 405 1198 aegros,
427 1118 543 1187 (lomus,
564 1138 663 1198 agros,
676 1117 793 1185 vineas,
815 1114 938 1184 et.·alia,
960 1120 992 1175 et

13 1216 21 1221 ·
66 1198 106 1258 ad
129 1219 197 1260 eam
217 1199 386 1279 habendam
406 1197 438 1258 iu
454 1195 603 1259 cubiculis
620 1199 695 1268 suis,
711 1204 745 1259 ut
759 1217 795 1258 ea
808 1195 945 1276 quotidie
960 1203 992 1256 et
1074 1212 1088 1258 ’,

67 1279 182 1360 saepibs
197 1278 316 1362 aspergi
330 1279 472 1372 pussiutr

10 1440 13 1447 ’
67 1457 103 1529 >14
117 1435 296 1506 nnusorcrro
319 1463 519 1504 causasarum
542 1461 642 1503 aaran
663 1462 737 1503 nrum
756 1461 990 1506 rusurrcnrmura

344 1546 451 1602 naaria
467 1546 569 1586 maaria
587 1545 724 1607 vmcrurs.
803 1547 807 1550 ’

110 1671 153 1750 ys.
164 1678 372 1759 ·Ad]'utorium
386 1660 527 1738 nostrum
537 1677 570 1737 in
584 1678 708 1739 'nomine
721 1678 855 1740 Domini.

109 1777 151 1861 li.
173 1785 232 1859 Qui
247 1784 322 1845 fecit
337 1784 448 1845 coelum
463 1789 631 1867 atterram.

110 1879 154 1957 ll·
171 1891 331 1963 ,Dominus
346 1889 513 1949 vobiscum.

30 1987 40 1997 '¹
98 1983 151 2073 lb.
172 1996 214 2057 Et
228 2014 299 2064 cum
313 1993 421 2075 spiritu
438 2001 500 2054 tuo.
561 2029 563 2036 ·
609 2046 613 2051 .

366 2231 376 2237 ·
465 2169 591 2212 carnus.

134 2300 291 2365 ‘OMINE
312 2303 386 2363 Jesu
407 2279 540 2374 Christe,
556 2301 617 2364 Fili
638 2303 696 2364 Dei
710 2302 784 2374 vivi,
799 2305 877 2364 bene
891 2312 926 2386 ἧς
939 2301 989 2372 dic

168 2409 312 2497 candelas
325 2408 409 2490 istas.
419 2393 691 2497 supplicationibus
711 2408 840 2470 nostris:
862 2408 990 2469 infunde

69 2516 116 2578 eis
137 2515 268 2576 Domine
289 2535 344 2595 per
358 2514 503 2576 virtutem
523 2522 635 2576 sanctae
656 2514 832 2586 Orufflcis,
846 2512 990 2575 benedic·

68 2621 186 2684 tionem
215 2601 383 2691 coelestem,
408 2620 461 2700 qui
474 2606 475 2609 ¹
489 2640 539 2682 eas
564 2619 603 2681 ad
627 2619 823 2705 repellendas
849 2619 990 2679 tenebras
1039 2658 1041 2662 =

68 2726 202 2787 humano
216 2725 321 2807 generi
335 2725 484 2786 tribuisti:
507 2727 661 2804 talemque
675 2703 917 2787 benedictionem
929 2722 990 2805 sig'-

68 2833 182 2894 naculo
199 2837 316 2918 sancta
337 2832 401 2892 Cru
413 2831 448 2904 »It
458 2831 503 2891 cis
517 2830 680 2912 accipiant,
693 2838 730 2891 ut
749 2829 991 2912 quibuscumque

67 2930 147 2999 locis
162 2956 302 2998 accensae
317 2936 382 2998 sire
394 2937 500 3018 posita
517 2935 640 3006 luerint,
655 2936 824 3010 discedant*
837 2934 991 3017 principes

67 3045 278 3114 tenebrarum,
293 3050 326 3104 et
345 3042 594 3113 contremiscant,
609 3048 641 3104 et
659 3041 779 3123 fugiant
795 3041 899 3123 pavidi
922 3062 991 3103 cum

68 3144 387 3228 amnibusministris
412 3148 475 3233 sui's
500 3151 538 3210 ab
565 3147 800 3221 habitationibus
816 3148 905 3211 illis:
933 3167 991 3210 nec

66 3260 257 3336 presumant
267 3253 396 3337 ampliirs
407 3254 579 3335 inquietare
590 3260 644 3316 aut
654 3254 815 3317 molestare
824 3253 992 3316 servientes

66 3357 126 3420 tibi
149 3358 354 3441 omnipotenti
369 3359 447 3423 Deo.
478 3357 548 3434 'Qui
561 3359 641 3422 viris
664 3366 696 3430 et
709 3380 818 3443 regnas
833 3360 866 3422 in
880 3358 992 3423 secula
1103 3371 1107 3377 “

67 3465 265 3529 seculorum.
306 3444 346 3530 Pl
366 3466 479 3526 Amen.
577 3504 579 3510 ·
756 3552 758 3556 λ

107 3568 305 3631 Postmodum
320 3577 512 3649 aspergamur
525 3569 617 3651 Aqua
631 3569 792 3632 benedicta.
