2206 4004
94 259 152 315 110
313 270 354 313 on
376 268 577 312 eacmnnro
596 266 796 313 nummorum.

712 348 723 378 Ι

93 420 113 447 “
126 386 298 494 duplicibus
309 412 413 494 prime
425 417 458 473 et
471 412 615 474 secundae
629 409 763 482 Classis,¹
769 408 935 472 dicendam
949 429 1015 473 esse

92 501 113 528 ‘⁶
126 493 255 554 Missam
272 492 312 554 de
331 492 410 553 festo
432 513 502 556 cum
525 491 809 571 commemoratione
830 491 942 552 Missae
961 511 1015 570 pro

92 580 114 687 :1
126 573 438 714 gymvfitndpoaaa.
479 575 585 653 Atque
604 573 649 635 ita
672 570 821 647 decreuit,
842 578 876 633 et
902 571 1015 633 servari

123 754 172 806 Die
187 757 218 805 20
234 755 389 815 Decembris,
405 758 474 807 178³.
534 788 537 795 .

134 883 154 909 “
167 875 322 954 Factaque
334 873 446 935 deinde
459 893 515 955 per
524 893 574 935 me
589 872 792 934 Secretarium
805 872 846 933 de
859 869 1014 956 praedictis

94 961 115 989 ‘⁸
127 954 324 1017 Sanctissimo
337 954 467 1032 Domino
481 962 585 1015 nostro
599 955 670 1016 PIO
685 954 767 1035 Papa
782 953 840 1014 vl.
855 954 1013 1026 relatione,

94 1043 114 1069 ‘⁸
127 1035 281 1097 Sanctitas
293 1055 348 1096 sua
361 1033 522 1116 praefatum
538 1036 640 1096 Sacrae
655 1034 911 1115 congregationis
924 1053 1013 1117 geue·

84 1116 190 1195 ’“rale
217 1117 384 1178 Decretum
411 1114 613 1186 confirmavit,
642 1124 675 1179 et
702 1113 815 1195 ubique
843 1112 1013 1177 executioui

74 1191 115 1231 “¹
128 1194 351 1258 dandumesse
371 1195 550 1279 precepit.'’
879 1218 883 1228 ·
910 1223 914 1228 ·

124 1316 173 1366 Die
188 1317 308 1368 Januarii'
320 1321 344 1377 7,
362 1320 431 1368 1784.
467 1387 470 1391 ¹

527 1426 553 1469 a.
574 1426 663 1468 cano.
685 1425 862 1469 anoumros
883 1407 978 1489 Pras.

163 1516 227 1564 Loco
237 1510 272 1582 >14
285 1513 373 1579 Sigilla'.

189 1609 192 1614 '
445 1602 449 1609 “
630 1666 634 1675 ,
686 1608 728 1669 C.
750 1591 901 1669 Aaronom

781 1711 809 1759 S.
826 1711 859 1771 R.
880 1712 909 1760 0.
928 1712 990 1761 Scor.

137 1826 291 1896 Ceterum,
316 1825 341 1886 si
362 1845 430 1905 quae
451 1825 623 1888 Provinciae
644 1826 724 1897 aliis,
741 1816 825 1887 ultra
845 1828 1013 1909 predictas,

96 1908 300 1970 laudabilibus
322 1907 594 1969 consuetudinibus
615 1915 648 1970 et
661 1907 917 1979 caeremoniisin
938 1909 1014 1973 cele·

95 1989 217 2064 brando
236 1986 427 2050 Matrimonii
453 1989 663 2051 Sacramenta*
673 1992 814 2059 utuntur,
836 1989 887 2050 ea's
914 1996 1016 2050 sancta

97 2068 282 2128 Tridentino
303 2066 446 2147 Synodus
468 2075 554 2149 optat
574 2068 710 2129 retineri.
907 2086 914 2098 ·
961 2080 963 2085 ·

56 2186 58 2191 ·
137 2147 274 2208 Peractis
295 2146 446 2217 omnibus,
462 2149 728 2210 Parochusmanu
743 2169 799 2210 sua
812 2149 968 2213 describat
986 2149 1016 2209 in

97 2227 175 2287 libro
190 2212 457 2287 Matrimoniorum
471 2228 594 2290 nomina
609 2230 782 2311 conjugum,
794 2235 827 2290 et
839 2229 976 2301 testium,
988 2237 1017 2291 et

98 2307 159 2367 alia
174 2307 264 2386 juxta
284 2305 446 2366 formulam
466 2310 692 2448 Fraescriptam:
717 2308 833 2389 idque,'
845 2311 922 2372 licet
941 2311 1016 2372 alius

99 2387 259 2458 Sacerdos,
271 2384 321 2446 vel
337 2386 356 2443 a
370 2405 414 2456 se,
429 2407 466 2447 ve
494 2390 531 2449 ab
545 2388 707 2451 Ordinario
722 2390 893 2472 delegatus,
908 2390 1016 2453 Matri·

98 2467 230 2529 monium
254 2466 465 2529 celebraverit.
551 2551 553 2555 Ι
