2234 4006
154 286 196 345 56
293 304 333 345 nr
355 300 555 345 sacaasnurc
577 299 732 351 usuam
752 298 928 344 numianus.

152 451 279 515 tantem,
293 450 325 505 et
337 447 497 524 postquam
510 441 649 505 infirmus
660 442 816 507 Viaticum
828 440 1005 524 sumpserit,
1018 440 1061 503 iu·

151 547 194 589 un
232 525 317 586 turri
337 524 511 585 Sacerdote.

209 605 349 666 academ
369 602 544 665 infirmitate
557 603 614 666 hac
635 605 863 666 Sacramentum
877 603 984 664 iterari
1004 590 1061 665 nau
1105 636 1109 715 ἱ

151 689 253 756 debet,
267 685 327 746 uisi
347 684 491 746 diuturna
510 684 561 754 sit,
575 691 611 747 ut
624 684 692 751 ciam
708 683 850 746 infirmus
865 683 1062 755 convaluerit,
1081 682 1109 753 'v'

151 765 259 829 iterum
273 766 305 826 iu
318 765 488 848 periculum
501 765 606 831 mortis
620 765 740 827 incidit.
1107 770 1109 785 '

194 847 337 927 Quinque
358 846 431 906 verti
456 845 590 926 corporis
613 852 716 940 partes
740 844 892 928 praecipue
915 844 990 927 ungi
1013 844 1061 905 de·

152 930 235 998 bent,
250 947 325 1007 quas
337 926 435 988 veluti
448 946 592 987 sensuum
612 933 816 1003 instrumenta
827 924 942 987 homini
957 931 1064 987 natum

151 1007 259 1070 tribuit
265 1028 276 1080 3
303 1027 411 1088 nempe
438 1007 529 1077 oculi,
556 1027 657 1078 aures,
684 1026 784 1078 nares,
812 1026 857 1076 os,
881 1012 914 1067 et
939 1024 1061 1068 manus:

151 1095 284 1151 attamen
310 1088 405 1169 pedes
432 1088 523 1148 etiam
550 1095 582 1149 et
608 1107 697 1149 renes
723 1087 858 1182 ungendi
886 1092 978 1158 sunt;
1012 1086 1062 1148 scd

150 1188 257 1230 renum
269 1169 374 1230 unctio
387 1168 420 1228 in
433 1167 621 1240 mulieribus,
635 1168 801 1230 honestatis
821 1166 932 1261 gratia,
947 1178 1063 1249 semper

151 1249 320 1321 amittitur3
341 1255 432 1329 atque
447 1249 537 1310 etiam
550 1248 584 1310 in
596 1248 682 1321 viris,
694 1248 816 1328 quaudo
829 1245 969 1309 infirmus
984 1267 1062 1309 ccm-

150 1329 240 1391 mode
251 1330 366 1391 moveri
379 1349 440 1390 non
454 1336 565 1412 potest.
599 1330 661 1393 Sed
675 1329 785 1391 sivein
799 1327 991 1400 mulieribus,
1003 1328 1064 1389 sive

151 1410 184 1471 in
194 1410 279 1482 viris,
291 1411 351 1472 alie
364 1410 498 1492 carparis
513 1430 582 1493 pars
595 1431 650 1493 pro
664 1411 787 1472 renibus
799 1409 875 1492 ungi
887 1427 950 1470 nau
963 1409 1063 1471 debet

191 1490 305 1552 Manus
329 1490 413 1561 verti,
439 1511 505 1584 quae
531 1491 660 1590 reliquis
683 1489 812 1552 infirmis
838 1487 968 1552 interitu
992 1489 1063 1572 ungi

152 1572 274 1642 debent,
288 1571 479 1653 Presbytems
499 1571 631 1632 exterius
651 1577 816 1652 unguntur.

192 1652 274 1713 Dum
294 1653 409 1722 aculus,
431 1671 529 1722 aures,
545 1657 577 1712 et
595 1651 656 1713 alia
676 1651 810 1733 corporis
829 1653 975 1723 membra,
997 1670 1064 1731 qnae

150 1732 331 1896 ttzzttt
343 1731 1063 1894 ttttttttttttttstt‘ttt‘t‘tt

150 1896 237 1956 amba
249 1859 421 1989 hujusmodi
436 1892 521 1976 paria
533 1895 667 1955 membra
679 1893 865 1974 perunxerit.
947 1858 956 1884 ’

191 1976 223 2036 Si
246 1995 314 2054 quis
340 1981 440 2036 autem
461 1974 503 2036 sit
525 1973 628 2055 aliqua
648 1976 782 2035 membro
802 1974 973 2045 mutilatus,
995 1994 1063 2056 pars

149 2055 218 2117 lucc
238 2054 286 2115 ilii
308 2054 443 2134 proxima
461 2055 636 2134 inungatur,
657 2055 764 2116 eadem
776 2057 937 2117 verborum
959 2055 1065 2116 farma.

191 2134 293 2214 Hujus
306 2140 406 2195 autem
421 2136 608 2196 Sacramenti
618 2135 725 2205 farma,
737 2156 798 2229 qua
808 2141 915 2196 sanctu
927 2136 1065 2197 Romanu

150 2214 293 2277 Ecclesia
302 2213 409 2285 utitur,
419 2213 562 2274 solemnis
575 2214 630 2277 iiia
640 2222 775 2295 precetro
785 2222 843 2287 est,
853 2236 945 2296 quam
957 2218 1065 2279 Sacer·

150 2294 206 2356 dos
220 2295 259 2355 ad
272 2293 407 2375 singulas
420 2293 580 2355 unctiones
594 2295 727 2368 adhibet,
741 2294 809 2357 cim
822 2297 883 2357 ait:
979 2344 982 2349 .

191 2376 283 2435 “Per
296 2373 385 2435 istam
396 2381 532 2435 sanctam
546 2375 741 2448 Unctionem,
752 2383 786 2438 et
797 2397 883 2439 suam
896 2377 1064 2460 piissimam

150 2462 171 2490 ‘⁸
183 2454 430 2526 misericordiam,
442 2454 600 2536 indulgent
612 2455 667 2523 tibi
681 2457 829 2518 Dominus
839 2457 996 2539 ¹quidquid
1010 2479 1065 2540 per

151 2544 172 2571 “
183 2537 294 2608 uisum,
308 2535 372 2599 sive
386 2556 440 2618 per
453 2535 601 2607 auditum,
616 2542 677 2598 etc}
689 2537 883 2619 deliquisti„

405 2759 803 2781 mum

192 2937 306 3003 nano
338 2890 640 2999 nunrsmeanm
674 2937 1018 3007 sncuamunrum
1060 2959 1064 3009 2

349 3043 576 3105 nxunumm
605 3043 857 3106 uncumrus.

150 3202 405 3363 SACERDOS
416 3200 573 3284 igiturhac
586 3203 813 3266 Sacramentum
821 3203 1061 3278 ministraturus,

229 3282 379 3368 quatenus
392 3282 459 3346 fieri
472 3282 594 3376 poterit,
606 3285 705 3367 parari
716 3290 803 3380 curet
812 3286 893 3368 apud
905 3284 1064 3381 infirmum

147 3363 1062 3531 ”ttttnttttuttttttttttt‘nttetztttnt

169 3530 337 3600 ‘auretam
349 3526 390 3590 ad
409 3526 623 3609 abstergendas
643 3532 745 3609 partes
757 3527 919 3603 inunctam
938 3528 1060 3592 medul-
