<?xml version="1.0" encoding="UTF-8"?>
<!DOCTYPE html PUBLIC "-//W3C//DTD XHTML 1.0 Transitional//EN"
    "http://www.w3.org/TR/xhtml1/DTD/xhtml1-transitional.dtd">
<html xmlns="http://www.w3.org/1999/xhtml" xml:lang="en" lang="en">
 <head>
  <title>
</title>
<meta http-equiv="Content-Type" content="text/html;charset=utf-8" />
  <meta name='ocr-system' content='tesseract 3.04.00' />
  <meta name='ocr-capabilities' content='ocr_page ocr_carea ocr_par ocr_line ocrx_word'/>
</head>
<body>
  <div class='ocr_page' id='page_1' title='image "./compendiumritua00mdgoog_0052.png"; bbox 0 0 2234 4006; ppageno 0'>
   <div class='ocr_carea' id='block_1_1' title="bbox 207 222 995 322">
    <p class='ocr_par' dir='ltr' id='par_1_1' title="bbox 207 222 995 322">
     <span class='ocr_line' id='line_1_1' title="bbox 207 222 820 251; baseline 0.007 -11"><span class='ocrx_word' id='word_1_1' title='bbox 207 242 212 251; x_wconf 66' lang='grc'><strong>,</strong></span> <span class='ocrx_word' id='word_1_2' title='bbox 328 222 341 243; x_wconf 69' lang='grc'><em>,</em></span> <span class='ocrx_word' id='word_1_3' title='bbox 776 229 780 240; x_wconf 93' lang='grc'><em>.</em></span> <span class='ocrx_word' id='word_1_4' title='bbox 816 236 820 244; x_wconf 96' lang='grc'><em>.</em></span> 
     </span>
     <span class='ocr_line' id='line_1_2' title="bbox 293 257 995 322; baseline 0.001 -2"><span class='ocrx_word' id='word_1_5' title='bbox 293 278 333 320; x_wconf 82' lang='lat' dir='ltr'>ou</span> <span class='ocrx_word' id='word_1_6' title='bbox 354 279 552 320; x_wconf 75' lang='lat' dir='ltr'>sncnnuunro</span> <span class='ocrx_word' id='word_1_7' title='bbox 575 257 794 320; x_wconf 70' lang='lat' dir='ltr'>ruurruurru.</span> <span class='ocrx_word' id='word_1_8' title='bbox 939 267 995 322; x_wconf 81' lang='lat'>·41</span> 
     </span>
    </p>
   </div>
   <div class='ocr_carea' id='block_1_2' title="bbox 78 419 1073 3428">
    <p class='ocr_par' dir='ltr' id='par_1_2' title="bbox 124 419 733 492">
     <span class='ocr_line' id='line_1_3' title="bbox 124 419 733 492; baseline 0.005 -14"><span class='ocrx_word' id='word_1_9' title='bbox 124 419 274 479; x_wconf 83' lang='lat' dir='ltr'>Poeoiteno</span> <span class='ocrx_word' id='word_1_10' title='bbox 288 419 387 479; x_wconf 81' lang='lat' dir='ltr'>dicat:</span> <span class='ocrx_word' id='word_1_11' title='bbox 409 419 564 481; x_wconf 88' lang='lat' dir='ltr'>Confiteor</span> <span class='ocrx_word' id='word_1_12' title='bbox 579 422 654 492; x_wconf 86' lang='lat' dir='ltr'>Deo,</span> <span class='ocrx_word' id='word_1_13' title='bbox 670 428 733 481; x_wconf 54' lang='lat' dir='ltr'>etet</span> 
     </span>
    </p>

    <p class='ocr_par' dir='ltr' id='par_1_3' title="bbox 125 522 994 606">
     <span class='ocr_line' id='line_1_4' title="bbox 125 522 994 606; baseline 0.005 -26"><span class='ocrx_word' id='word_1_14' title='bbox 125 522 285 582; x_wconf 78' lang='lat' dir='ltr'>Sacerdos:</span> <span class='ocrx_word' id='word_1_15' title='bbox 307 523 491 585; x_wconf 85' lang='lat' dir='ltr'>Misereotur</span> <span class='ocrx_word' id='word_1_16' title='bbox 512 528 570 596; x_wconf 83' lang='lat' dir='ltr'>tut,</span> <span class='ocrx_word' id='word_1_17' title='bbox 592 531 652 586; x_wconf 88' lang='lat' dir='ltr'>etc.</span> <span class='ocrx_word' id='word_1_18' title='bbox 676 524 914 606; x_wconf 73' lang='lat' dir='ltr'>Indulgendum,</span> <span class='ocrx_word' id='word_1_19' title='bbox 934 531 994 585; x_wconf 88' lang='lat' dir='ltr'>etc.</span> 
     </span>
    </p>

    <p class='ocr_par' dir='ltr' id='par_1_4' title="bbox 78 628 995 1130">
     <span class='ocr_line' id='line_1_5' title="bbox 122 628 995 711; baseline 0.002 -25"><span class='ocrx_word' id='word_1_20' title='bbox 122 628 316 689; x_wconf 85' lang='lat' dir='ltr'>Auctoritote</span> <span class='ocrx_word' id='word_1_21' title='bbox 337 629 407 689; x_wconf 89' lang='lat' dir='ltr'>mihi</span> <span class='ocrx_word' id='word_1_22' title='bbox 434 633 471 691; x_wconf 87' lang='lat' dir='ltr'>ab</span> <span class='ocrx_word' id='word_1_23' title='bbox 496 630 538 690; x_wconf 87' lang='lat' dir='ltr'>N.</span> <span class='ocrx_word' id='word_1_24' title='bbox 559 630 682 700; x_wconf 87' lang='lat' dir='ltr'>tradito,</span> <span class='ocrx_word' id='word_1_25' title='bbox 704 644 758 711; x_wconf 85' lang='lat' dir='ltr'>ego</span> <span class='ocrx_word' id='word_1_26' title='bbox 781 631 903 690; x_wconf 86' lang='lat' dir='ltr'>absolvo</span> <span class='ocrx_word' id='word_1_27' title='bbox 923 635 953 691; x_wconf 86' lang='lat' dir='ltr'>te</span> <span class='ocrx_word' id='word_1_28' title='bbox 976 632 995 688; x_wconf 76' lang='grc' dir='ltr'>ὰ</span> 
     </span>
     <span class='ocr_line' id='line_1_6' title="bbox 78 712 994 815; baseline 0.003 -25"><span class='ocrx_word' id='word_1_29' title='bbox 78 730 206 791; x_wconf 89' lang='lat' dir='ltr'>vinculo</span> <span class='ocrx_word' id='word_1_30' title='bbox 220 732 426 813; x_wconf 74' lang='lat' dir='ltr'>suspensionis</span> <span class='ocrx_word' id='word_1_31' title='bbox 441 712 531 813; x_wconf 83' lang='lat' dir='ltr'>quain</span> <span class='ocrx_word' id='word_1_32' title='bbox 547 734 607 814; x_wconf 85' lang='lat' dir='ltr'>(vel</span> <span class='ocrx_word' id='word_1_33' title='bbox 624 733 781 794; x_wconf 78' lang='lat' dir='ltr'>interdicti</span> <span class='ocrx_word' id='word_1_34' title='bbox 795 733 890 813; x_wconf 90' lang='lat' dir='ltr'>quod)</span> <span class='ocrx_word' id='word_1_35' title='bbox 905 754 994 815; x_wconf 87' lang='lat' dir='ltr'>prop·</span> 
     </span>
     <span class='ocr_line' id='line_1_7' title="bbox 78 820 993 918; baseline 0.001 -22"><span class='ocrx_word' id='word_1_36' title='bbox 78 842 135 896; x_wconf 81' lang='lat' dir='ltr'>ter·</span> <span class='ocrx_word' id='word_1_37' title='bbox 154 837 215 896; x_wconf 87' lang='lat' dir='ltr'>tale</span> <span class='ocrx_word' id='word_1_38' title='bbox 239 820 440 917; x_wconf 64' lang='lat' dir='ltr'>facturuloet</span> <span class='ocrx_word' id='word_1_39' title='bbox 464 836 598 918; x_wconf 83' lang='lat' dir='ltr'>causam)</span> <span class='ocrx_word' id='word_1_40' title='bbox 624 837 776 899; x_wconf 83' lang='lat' dir='ltr'>incurrist&#39;</span> <span class='ocrx_word' id='word_1_41' title='bbox 805 838 867 918; x_wconf 79' lang='lat' dir='ltr'>(ocu</span> <span class='ocrx_word' id='word_1_42' title='bbox 892 838 993 898; x_wconf 87' lang='lat' dir='ltr'>incur-</span> 
     </span>
     <span class='ocr_line' id='line_1_8' title="bbox 78 941 995 1025; baseline 0.004 -24"><span class='ocrx_word' id='word_1_43' title='bbox 78 941 159 1002; x_wconf 84' lang='lat' dir='ltr'>risse</span> <span class='ocrx_word' id='word_1_44' title='bbox 180 942 352 1004; x_wconf 85' lang='lat' dir='ltr'>declarotus</span> <span class='ocrx_word' id='word_1_45' title='bbox 375 941 420 1023; x_wconf 89' lang='lat' dir='ltr'>es)</span> <span class='ocrx_word' id='word_1_46' title='bbox 441 943 473 1003; x_wconf 90' lang='lat' dir='ltr'>in</span> <span class='ocrx_word' id='word_1_47' title='bbox 494 945 614 1005; x_wconf 89' lang='lat' dir='ltr'>nomine</span> <span class='ocrx_word' id='word_1_48' title='bbox 635 944 746 1015; x_wconf 87' lang='lat' dir='ltr'>Patris,</span> <span class='ocrx_word' id='word_1_49' title='bbox 763 953 796 1025; x_wconf 46' lang='grc' dir='ltr'>ᾖ</span> <span class='ocrx_word' id='word_1_50' title='bbox 813 950 845 1005; x_wconf 89' lang='lat' dir='ltr'>et</span> <span class='ocrx_word' id='word_1_51' title='bbox 866 944 948 1015; x_wconf 81' lang='lat' dir='ltr'>Filii,</span> <span class='ocrx_word' id='word_1_52' title='bbox 964 952 995 1005; x_wconf 91' lang='lat' dir='ltr'>et</span> 
     </span>
     <span class='ocr_line' id='line_1_9' title="bbox 78 1029 518 1130; baseline 0.005 -23"><span class='ocrx_word' id='word_1_53' title='bbox 78 1029 215 1126; x_wconf 84' lang='lat' dir='ltr'>Spiritus</span> <span class='ocrx_word' id='word_1_54' title='bbox 229 1047 338 1109; x_wconf 81' lang='lat' dir='ltr'>sancti.</span> <span class='ocrx_word' id='word_1_55' title='bbox 379 1044 518 1130; x_wconf 40' lang='lat' dir='ltr'>Amenff</span> 
     </span>
    </p>

    <p class='ocr_par' dir='ltr' id='par_1_5' title="bbox 78 1152 1073 1549">
     <span class='ocr_line' id='line_1_10' title="bbox 124 1152 993 1241; baseline 0.005 -31"><span class='ocrx_word' id='word_1_56' title='bbox 124 1152 159 1210; x_wconf 82' lang='lat' dir='ltr'>Si</span> <span class='ocrx_word' id='word_1_57' title='bbox 177 1155 247 1212; x_wconf 75' lang='lat' dir='ltr'>vero</span> <span class='ocrx_word' id='word_1_58' title='bbox 271 1153 465 1234; x_wconf 70' lang='lat' dir='ltr'>Confessorto,</span> <span class='ocrx_word' id='word_1_59' title='bbox 487 1155 549 1241; x_wconf 77' lang='lat' dir='ltr'>sivo</span> <span class='ocrx_word' id='word_1_60' title='bbox 574 1155 607 1214; x_wconf 81' lang='lat' dir='ltr'>in</span> <span class='ocrx_word' id='word_1_61' title='bbox 622 1154 696 1235; x_wconf 87' lang='lat' dir='ltr'>soro</span> <span class='ocrx_word' id='word_1_62' title='bbox 720 1155 911 1225; x_wconf 70' lang='lat' dir='ltr'>conscientie,</span> <span class='ocrx_word' id='word_1_63' title='bbox 932 1155 993 1215; x_wconf 79' lang='lat' dir='ltr'>sive</span> 
     </span>
     <span class='ocr_line' id='line_1_11' title="bbox 78 1258 1073 1339; baseline 0.001 -20"><span class='ocrx_word' id='word_1_64' title='bbox 78 1265 177 1328; x_wconf 66' lang='lat' dir='ltr'>lextra,</span> <span class='ocrx_word' id='word_1_65' title='bbox 198 1258 268 1318; x_wconf 85' lang='lat' dir='ltr'>dota</span> <span class='ocrx_word' id='word_1_66' title='bbox 289 1267 331 1318; x_wconf 81' lang='lat' dir='ltr'>est</span> <span class='ocrx_word' id='word_1_67' title='bbox 345 1267 477 1336; x_wconf 78' lang='lat' dir='ltr'>potestas</span> <span class='ocrx_word' id='word_1_68' title='bbox 497 1259 689 1337; x_wconf 81' lang='lat' dir='ltr'>dispensandi</span> <span class='ocrx_word' id='word_1_69' title='bbox 707 1279 795 1339; x_wconf 78' lang='lat' dir='ltr'>super</span> <span class='ocrx_word' id='word_1_70' title='bbox 814 1259 992 1339; x_wconf 79' lang='lat' dir='ltr'>irregulari·</span> <span class='ocrx_word' id='word_1_71' title='bbox 1067 1286 1073 1302; x_wconf 45' lang='grc' dir='ltr'>ι’</span> 
     </span>
     <span class='ocr_line' id='line_1_12' title="bbox 78 1343 992 1451; baseline 0.001 -28"><span class='ocrx_word' id='word_1_72' title='bbox 78 1367 152 1432; x_wconf 82' lang='lat' dir='ltr'>tute,</span> <span class='ocrx_word' id='word_1_73' title='bbox 168 1365 235 1422; x_wconf 86' lang='lat' dir='ltr'>tunc</span> <span class='ocrx_word' id='word_1_74' title='bbox 247 1372 404 1443; x_wconf 73' lang='lat' dir='ltr'>postquam</span> <span class='ocrx_word' id='word_1_75' title='bbox 418 1363 576 1424; x_wconf 81' lang='lat' dir='ltr'>absolverit</span> <span class='ocrx_word' id='word_1_76' title='bbox 590 1367 610 1421; x_wconf 79' lang='grc' dir='ltr'><em>ἀ</em></span> <span class='ocrx_word' id='word_1_77' title='bbox 626 1365 768 1451; x_wconf 76' lang='lat' dir='ltr'>peccatis,</span> <span class='ocrx_word' id='word_1_78' title='bbox 778 1343 876 1425; x_wconf 19' lang='lat' dir='ltr'>*addat</span> <span class='ocrx_word' id='word_1_79' title='bbox 895 1384 992 1426; x_wconf 71' lang='lat' dir='ltr'>emise-</span> 
     </span>
     <span class='ocr_line' id='line_1_13' title="bbox 78 1453 991 1549; baseline 0.001 -21"><span class='ocrx_word' id='word_1_80' title='bbox 78 1459 221 1549; x_wconf 66' lang='lat' dir='ltr'>qctenterss·</span> <span class='ocrx_word' id='word_1_81' title='bbox 448 1457 449 1463; x_wconf 7' lang='grc' dir='ltr'>ἵ</span> <span class='ocrx_word' id='word_1_82' title='bbox 597 1453 599 1456; x_wconf 35' lang='grc'>’</span> <span class='ocrx_word' id='word_1_83' title='bbox 902 1472 906 1479; x_wconf 86' lang='grc'><em>“</em></span> <span class='ocrx_word' id='word_1_84' title='bbox 989 1485 991 1488; x_wconf 83' lang='grc'><strong>’</strong></span> 
     </span>
    </p>

    <p class='ocr_par' dir='ltr' id='par_1_6' title="bbox 78 1573 1015 2183">
     <span class='ocr_line' id='line_1_14' title="bbox 119 1573 1015 1658; baseline 0.003 -25"><span class='ocrx_word' id='word_1_85' title='bbox 119 1575 163 1634; x_wconf 78' lang='lat' dir='ltr'>ut</span> <span class='ocrx_word' id='word_1_86' title='bbox 176 1574 281 1635; x_wconf 85' lang='lat' dir='ltr'>eodem</span> <span class='ocrx_word' id='word_1_87' title='bbox 296 1573 475 1635; x_wconf 86' lang='lat' dir='ltr'>auctoritate</span> <span class='ocrx_word' id='word_1_88' title='bbox 490 1574 632 1656; x_wconf 85' lang='lat' dir='ltr'>dispenso</span> <span class='ocrx_word' id='word_1_89' title='bbox 652 1582 752 1637; x_wconf 82' lang='lat' dir='ltr'>tecum</span> <span class='ocrx_word' id='word_1_90' title='bbox 768 1596 858 1657; x_wconf 86' lang='lat' dir='ltr'>super</span> <span class='ocrx_word' id='word_1_91' title='bbox 876 1576 991 1658; x_wconf 86' lang='lat' dir='ltr'>irregu·</span> <span class='ocrx_word' id='word_1_92' title='bbox 1011 1581 1015 1586; x_wconf 83' lang='lat'>&#39;</span> 
     </span>
     <span class='ocr_line' id='line_1_15' title="bbox 78 1678 990 1761; baseline 0 -23"><span class='ocrx_word' id='word_1_93' title='bbox 78 1679 202 1740; x_wconf 86' lang='lat' dir='ltr'>laritote</span> <span class='ocrx_word' id='word_1_94' title='bbox 222 1678 254 1739; x_wconf 91' lang='lat' dir='ltr'>in</span> <span class='ocrx_word' id='word_1_95' title='bbox 268 1700 358 1759; x_wconf 85' lang='lat' dir='ltr'>quum</span> <span class='ocrx_word' id='word_1_96' title='bbox 374 1679 436 1759; x_wconf 76' lang='lat' dir='ltr'>(oet</span> <span class='ocrx_word' id='word_1_97' title='bbox 451 1679 737 1761; x_wconf 81' lang='lat' dir='ltr'>&#39;irregularitatibus,</span> <span class='ocrx_word' id='word_1_98' title='bbox 751 1681 780 1739; x_wconf 74' lang='lat' dir='ltr'>ri</span> <span class='ocrx_word' id='word_1_99' title='bbox 798 1684 862 1740; x_wconf 81' lang='lat' dir='ltr'>sint</span> <span class='ocrx_word' id='word_1_100' title='bbox 874 1681 990 1758; x_wconf 81' lang='lat' dir='ltr'>plures,</span> 
     </span>
     <span class='ocr_line' id='line_1_16' title="bbox 78 1783 991 1866; baseline -0.003 -20"><span class='ocrx_word' id='word_1_101' title='bbox 78 1786 111 1846; x_wconf 92' lang='lat' dir='ltr'>in</span> <span class='ocrx_word' id='word_1_102' title='bbox 140 1783 228 1865; x_wconf 87' lang='lat' dir='ltr'>quos)</span> <span class='ocrx_word' id='word_1_103' title='bbox 257 1788 295 1848; x_wconf 90' lang='lat' dir='ltr'>ob</span> <span class='ocrx_word' id='word_1_104' title='bbox 322 1786 413 1846; x_wconf 85' lang='lat' dir='ltr'>talem</span> <span class='ocrx_word' id='word_1_105' title='bbox 442 1807 572 1856; x_wconf 85' lang='lat' dir='ltr'>causam,</span> <span class='ocrx_word' id='word_1_106' title='bbox 605 1786 665 1866; x_wconf 83' lang='lat' dir='ltr'>(vel</span> <span class='ocrx_word' id='word_1_107' title='bbox 691 1787 768 1847; x_wconf 83' lang='lat' dir='ltr'>tales</span> <span class='ocrx_word' id='word_1_108' title='bbox 797 1804 913 1853; x_wconf 85' lang='lat' dir='ltr'>causas,</span> <span class='ocrx_word' id='word_1_109' title='bbox 943 1803 991 1844; x_wconf 82' lang='lat' dir='ltr'>eos</span> 
     </span>
     <span class='ocr_line' id='line_1_17' title="bbox 78 1873 991 1977; baseline 0 -27"><span class='ocrx_word' id='word_1_110' title='bbox 78 1891 282 1971; x_wconf 72' lang='lat' dir='ltr'>exprimendo)</span> <span class='ocrx_word' id='word_1_111' title='bbox 305 1891 470 1977; x_wconf 87' lang='lat' dir='ltr'>incurristi,</span> <span class='ocrx_word' id='word_1_112' title='bbox 492 1900 524 1952; x_wconf 93' lang='lat' dir='ltr'>et</span> <span class='ocrx_word' id='word_1_113' title='bbox 543 1873 672 1951; x_wconf 83' lang='lat' dir='ltr'>habilem</span> <span class='ocrx_word' id='word_1_114' title='bbox 693 1890 799 1960; x_wconf 87' lang='lat' dir='ltr'>reddo,</span> <span class='ocrx_word' id='word_1_115' title='bbox 815 1896 846 1950; x_wconf 88' lang='lat' dir='ltr'>ct</span> <span class='ocrx_word' id='word_1_116' title='bbox 865 1890 991 1950; x_wconf 83' lang='lat' dir='ltr'>restituo</span> 
     </span>
     <span class='ocr_line' id='line_1_18' title="bbox 78 1994 990 2064; baseline -0.001 -8"><span class='ocrx_word' id='word_1_117' title='bbox 78 2002 108 2056; x_wconf 86' lang='lat' dir='ltr'>te</span> <span class='ocrx_word' id='word_1_118' title='bbox 120 1995 293 2056; x_wconf 70' lang='lat' dir='ltr'>executioni</span> <span class='ocrx_word' id='word_1_119' title='bbox 308 1996 453 2057; x_wconf 89' lang='lat' dir='ltr'>Ordiuum</span> <span class='ocrx_word' id='word_1_120' title='bbox 466 2002 498 2056; x_wconf 85' lang='lat' dir='ltr'>et</span> <span class='ocrx_word' id='word_1_121' title='bbox 509 1994 673 2056; x_wconf 90' lang='lat' dir='ltr'>officiorum</span> <span class='ocrx_word' id='word_1_122' title='bbox 684 2001 814 2064; x_wconf 89' lang='lat' dir='ltr'>tuorum,</span> <span class='ocrx_word' id='word_1_123' title='bbox 827 1994 990 2061; x_wconf 88' lang='lat' dir='ltr'>innomine</span> 
     </span>
     <span class='ocr_line' id='line_1_19' title="bbox 78 2099 847 2183; baseline -0.001 -23"><span class='ocrx_word' id='word_1_124' title='bbox 78 2101 241 2178; x_wconf 53' lang='lat' dir='ltr'>Patrium</span> <span class='ocrx_word' id='word_1_125' title='bbox 254 2108 285 2183; x_wconf 88' lang='lat' dir='ltr'>et</span> <span class='ocrx_word' id='word_1_126' title='bbox 299 2101 380 2172; x_wconf 85' lang='lat' dir='ltr'>Filii,</span> <span class='ocrx_word' id='word_1_127' title='bbox 395 2107 427 2162; x_wconf 88' lang='lat' dir='ltr'>et</span> <span class='ocrx_word' id='word_1_128' title='bbox 441 2101 572 2182; x_wconf 86' lang='lat' dir='ltr'>Spiritus</span> <span class='ocrx_word' id='word_1_129' title='bbox 588 2099 697 2161; x_wconf 85' lang='lat' dir='ltr'>suncti.</span> <span class='ocrx_word' id='word_1_130' title='bbox 738 2102 847 2160; x_wconf 86' lang='lat' dir='ltr'>Arnen.</span> 
     </span>
    </p>

    <p class='ocr_par' dir='ltr' id='par_1_7' title="bbox 78 2205 989 2496">
     <span class='ocr_line' id='line_1_20' title="bbox 121 2205 989 2285; baseline 0.003 -21"><span class='ocrx_word' id='word_1_131' title='bbox 121 2205 159 2264; x_wconf 83' lang='lat' dir='ltr'>Si</span> <span class='ocrx_word' id='word_1_132' title='bbox 177 2205 291 2265; x_wconf 82' lang='lat' dir='ltr'>nullum</span> <span class='ocrx_word' id='word_1_133' title='bbox 311 2207 397 2266; x_wconf 77' lang='lat' dir='ltr'>lauet</span> <span class='ocrx_word' id='word_1_134' title='bbox 414 2205 562 2285; x_wconf 73' lang='lat' dir='ltr'>Ordinem,</span> <span class='ocrx_word' id='word_1_135' title='bbox 578 2207 711 2265; x_wconf 84' lang='lat' dir='ltr'>dicatur:</span> <span class='ocrx_word' id='word_1_136' title='bbox 733 2206 874 2266; x_wconf 84' lang='lat' dir='ltr'>Habilem</span> <span class='ocrx_word' id='word_1_137' title='bbox 895 2207 989 2267; x_wconf 87' lang='lat' dir='ltr'>reddo</span> 
     </span>
     <span class='ocr_line' id='line_1_21' title="bbox 78 2311 988 2392; baseline -0.002 -20"><span class='ocrx_word' id='word_1_138' title='bbox 78 2311 162 2373; x_wconf 79' lang='lat' dir='ltr'>tend</span> <span class='ocrx_word' id='word_1_139' title='bbox 183 2332 287 2372; x_wconf 88' lang='lat' dir='ltr'>ornnes</span> <span class='ocrx_word' id='word_1_140' title='bbox 309 2312 438 2384; x_wconf 87' lang='lat' dir='ltr'>Ordines</span> <span class='ocrx_word' id='word_1_141' title='bbox 453 2311 672 2392; x_wconf 87' lang='lat' dir='ltr'>suscipiendos,</span> <span class='ocrx_word' id='word_1_142' title='bbox 687 2312 735 2370; x_wconf 84' lang='lat' dir='ltr'>vel</span> <span class='ocrx_word' id='word_1_143' title='bbox 756 2311 898 2372; x_wconf 81' lang='lat' dir='ltr'>etiamad</span> <span class='ocrx_word' id='word_1_144' title='bbox 918 2311 988 2382; x_wconf 76' lang='lat' dir='ltr'>alio,</span> 
     </span>
     <span class='ocr_line' id='line_1_22' title="bbox 78 2403 798 2496; baseline -0.008 -19"><span class='ocrx_word' id='word_1_145' title='bbox 78 2418 167 2496; x_wconf 71' lang='lat' dir='ltr'>iusta</span> <span class='ocrx_word' id='word_1_146' title='bbox 179 2425 306 2476; x_wconf 85' lang='lat' dir='ltr'>tenorem</span> <span class='ocrx_word' id='word_1_147' title='bbox 318 2417 465 2479; x_wconf 72' lang='lat' dir='ltr'>metridati.</span> <span class='ocrx_word' id='word_1_148' title='bbox 796 2403 798 2410; x_wconf 70' lang='grc'><strong>’</strong></span> 
     </span>
    </p>

    <p class='ocr_par' dir='ltr' id='par_1_8' title="bbox 78 2522 991 2709">
     <span class='ocr_line' id='line_1_23' title="bbox 123 2522 991 2602; baseline -0.002 -21"><span class='ocrx_word' id='word_1_149' title='bbox 123 2522 258 2601; x_wconf 74' lang='lat' dir='ltr'>Quodsi</span> <span class='ocrx_word' id='word_1_150' title='bbox 283 2541 395 2581; x_wconf 81' lang='lat' dir='ltr'>necesse</span> <span class='ocrx_word' id='word_1_151' title='bbox 418 2523 459 2582; x_wconf 80' lang='lat' dir='ltr'>sit</span> <span class='ocrx_word' id='word_1_152' title='bbox 482 2522 598 2582; x_wconf 83' lang='lat' dir='ltr'>titulum</span> <span class='ocrx_word' id='word_1_153' title='bbox 622 2522 754 2602; x_wconf 81' lang='lat' dir='ltr'>beneficii</span> <span class='ocrx_word' id='word_1_154' title='bbox 780 2523 940 2592; x_wconf 75' lang='lat' dir='ltr'>restituere,</span> <span class='ocrx_word' id='word_1_155' title='bbox 963 2524 991 2582; x_wconf 84' lang='lat' dir='ltr'>ct</span> 
     </span>
     <span class='ocr_line' id='line_1_24' title="bbox 78 2625 831 2709; baseline 0 -24"><span class='ocrx_word' id='word_1_156' title='bbox 78 2625 193 2704; x_wconf 80' lang='lat' dir='ltr'>fructus</span> <span class='ocrx_word' id='word_1_157' title='bbox 206 2627 285 2688; x_wconf 67' lang='lat' dir='ltr'>malt</span> <span class='ocrx_word' id='word_1_158' title='bbox 297 2636 449 2706; x_wconf 80' lang='lat' dir='ltr'>perceptos</span> <span class='ocrx_word' id='word_1_159' title='bbox 469 2628 642 2698; x_wconf 85' lang='lat' dir='ltr'>condonare,</span> <span class='ocrx_word' id='word_1_160' title='bbox 655 2627 831 2709; x_wconf 62' lang='lat' dir='ltr'>soly&#39;nogat:</span> 
     </span>
    </p>

    <p class='ocr_par' dir='ltr' id='par_1_9' title="bbox 90 2729 988 3025">
     <span class='ocr_line' id='line_1_25' title="bbox 119 2729 987 2814; baseline 0 -22"><span class='ocrx_word' id='word_1_161' title='bbox 119 2733 160 2793; x_wconf 83' lang='lat' dir='ltr'>ut</span> <span class='ocrx_word' id='word_1_162' title='bbox 179 2732 306 2793; x_wconf 87' lang='lat' dir='ltr'>restituo</span> <span class='ocrx_word' id='word_1_163' title='bbox 326 2733 382 2794; x_wconf 88' lang='lat' dir='ltr'>tibi</span> <span class='ocrx_word' id='word_1_164' title='bbox 402 2733 525 2794; x_wconf 86' lang='lat' dir='ltr'>titulum</span> <span class='ocrx_word' id='word_1_165' title='bbox 541 2732 602 2814; x_wconf 77' lang='lat' dir='ltr'>(oen</span> <span class='ocrx_word' id='word_1_166' title='bbox 622 2729 741 2810; x_wconf 86' lang='lat' dir='ltr'>titulos)</span> <span class='ocrx_word' id='word_1_167' title='bbox 763 2729 987 2812; x_wconf 62' lang='lat' dir='ltr'>Beneuentseu</span> 
     </span>
     <span class='ocr_line' id='line_1_26' title="bbox 90 2835 988 2918; baseline 0.003 -25"><span class='ocrx_word' id='word_1_168' title='bbox 90 2835 313 2917; x_wconf 87' lang='lat' dir='ltr'>Beneficiorum)</span> <span class='ocrx_word' id='word_1_169' title='bbox 329 2843 361 2898; x_wconf 92' lang='lat' dir='ltr'>et</span> <span class='ocrx_word' id='word_1_170' title='bbox 375 2838 511 2898; x_wconf 89' lang='lat' dir='ltr'>condono</span> <span class='ocrx_word' id='word_1_171' title='bbox 525 2836 580 2897; x_wconf 85' lang='lat' dir='ltr'>tibi</span> <span class='ocrx_word' id='word_1_172' title='bbox 599 2836 717 2897; x_wconf 80' lang='lat' dir='ltr'>fructus</span> <span class='ocrx_word' id='word_1_173' title='bbox 728 2835 807 2895; x_wconf 82' lang='lat' dir='ltr'>male</span> <span class='ocrx_word' id='word_1_174' title='bbox 820 2843 988 2918; x_wconf 89' lang='lat' dir='ltr'>perceptos.</span> 
     </span>
     <span class='ocr_line' id='line_1_27' title="bbox 93 2939 988 3025; baseline 0.006 -26"><span class='ocrx_word' id='word_1_175' title='bbox 93 2939 123 3000; x_wconf 92' lang='lat' dir='ltr'>lu</span> <span class='ocrx_word' id='word_1_176' title='bbox 145 2944 264 3005; x_wconf 90' lang='lat' dir='ltr'>nomine</span> <span class='ocrx_word' id='word_1_177' title='bbox 291 2944 403 3015; x_wconf 88' lang='lat' dir='ltr'>Patris,</span> <span class='ocrx_word' id='word_1_178' title='bbox 431 2943 465 3017; x_wconf 58' lang='lat' dir='ltr'>ff&lt;</span> <span class='ocrx_word' id='word_1_179' title='bbox 492 2949 524 3005; x_wconf 90' lang='lat' dir='ltr'>et</span> <span class='ocrx_word' id='word_1_180' title='bbox 550 2942 632 3014; x_wconf 83' lang='lat' dir='ltr'>Filii,</span> <span class='ocrx_word' id='word_1_181' title='bbox 661 2949 692 3004; x_wconf 91' lang='lat' dir='ltr'>et</span> <span class='ocrx_word' id='word_1_182' title='bbox 720 2942 850 3025; x_wconf 88' lang='lat' dir='ltr'>Spiritus</span> <span class='ocrx_word' id='word_1_183' title='bbox 879 2946 988 3008; x_wconf 87' lang='lat' dir='ltr'>sancti.</span> 
     </span>
    </p>

    <p class='ocr_par' dir='ltr' id='par_1_10' title="bbox 98 3045 189 3109">
     <span class='ocr_line' id='line_1_28' title="bbox 98 3045 189 3109; baseline 0.033 -6"><span class='ocrx_word' id='word_1_184' title='bbox 98 3045 189 3109; x_wconf 82' lang='lat' dir='ltr'>lmen.</span> 
     </span>
    </p>

    <p class='ocr_par' dir='ltr' id='par_1_11' title="bbox 125 3151 987 3238">
     <span class='ocr_line' id='line_1_29' title="bbox 125 3151 987 3238; baseline 0.002 -26"><span class='ocrx_word' id='word_1_185' title='bbox 125 3151 264 3216; x_wconf 79' lang='lat' dir='ltr'>Advertat</span> <span class='ocrx_word' id='word_1_186' title='bbox 285 3162 377 3215; x_wconf 83' lang='lat' dir='ltr'>autem</span> <span class='ocrx_word' id='word_1_187' title='bbox 395 3153 545 3226; x_wconf 84' lang='lat' dir='ltr'>Sacerdos,</span> <span class='ocrx_word' id='word_1_188' title='bbox 560 3173 597 3215; x_wconf 84' lang='lat' dir='ltr'>ne</span> <span class='ocrx_word' id='word_1_189' title='bbox 615 3153 676 3215; x_wconf 78' lang='lat' dir='ltr'>otto</span> <span class='ocrx_word' id='word_1_190' title='bbox 690 3154 776 3216; x_wconf 85' lang='lat' dir='ltr'>modo</span> <span class='ocrx_word' id='word_1_191' title='bbox 790 3155 824 3216; x_wconf 84' lang='lat' dir='ltr'>in</span> <span class='ocrx_word' id='word_1_192' title='bbox 836 3154 876 3216; x_wconf 72' lang='lat' dir='ltr'>ite</span> <span class='ocrx_word' id='word_1_193' title='bbox 884 3155 987 3238; x_wconf 84' lang='lat' dir='ltr'>sacul-</span> 
     </span>
    </p>

    <p class='ocr_par' dir='ltr' id='par_1_12' title="bbox 96 3249 525 3428">
     <span class='ocr_line' id='line_1_30' title="bbox 96 3249 525 3327; baseline 0.012 -12"><span class='ocrx_word' id='word_1_194' title='bbox 96 3255 155 3319; x_wconf 77' lang='lat' dir='ltr'>tun</span> <span class='ocrx_word' id='word_1_195' title='bbox 166 3280 225 3322; x_wconf 77' lang='lat' dir='ltr'>one</span> <span class='ocrx_word' id='word_1_196' title='bbox 239 3249 382 3327; x_wconf 76' lang='lat' dir='ltr'>terminos</span> <span class='ocrx_word' id='word_1_197' title='bbox 396 3259 525 3323; x_wconf 73' lang='lat' dir='ltr'>socedat.</span> 
     </span>
     <span class='ocr_line' id='line_1_31' title="bbox 199 3371 236 3428; baseline 0 -22"><span class='ocrx_word' id='word_1_198' title='bbox 199 3371 236 3428; x_wconf 59' lang='grc'>41</span> 
     </span>
    </p>
   </div>
   <div class='ocr_carea' id='block_1_3' title="bbox 0 0 1122 4006">
    <p class='ocr_par' dir='ltr' id='par_1_13' title="bbox 0 0 1122 4006">
     <span class='ocr_line' id='line_1_32' title="bbox 0 0 1122 4006; baseline 0 0"><span class='ocrx_word' id='word_1_199' title='bbox 0 0 1122 4006; x_wconf 95' lang='lat' dir='ltr'> </span> 
     </span>
    </p>
   </div>
  </div>
 </body>
</html>
