2234 4006
333 299 373 339 nn
394 296 595 343 ssessusuro
616 298 769 341 nun-rsus.
971 292 1006 346 11

330 464 378 525 DE
400 464 575 519 MINISTRO
595 464 776 515 BAP'I'ISMI.

164 581 382 644 EGITIMUS
396 580 520 661 quidem
541 580 691 662 Baptismi
704 580 842 643 minister
851 589 905 645 est
918 585 1011 646 Paro·

186 663 272 733 chus,
286 662 336 723 uel
351 662 430 724 alius
444 660 593 723 Sacerdos
610 663 629 723 d
648 661 785 723 Parocbo
798 664 847 723 vel
870 666 907 725 ab
921 663 1012 726 Ordi-

95 745 182 805 nario
203 743 263 804 loci
284 742 462 824 delegatum
480 740 536 803 sod
556 741 675 822 quoties
697 742 798 803 infans
813 752 867 805 eut
887 746 1011 807 adultus

95 824 289 885 versatnr'in
310 823 379 884 vitae
399 822 547 905 periculo,
567 828 669 905 potest
693 822 758 883 sine
781 824 973 887 solemnitate
994 829 1013 887 a

95 924 290 985 quocumque
310 902 460 979 baptizari
479 903 511 963 in
535 903 672 981 qualibet
692 904 806 985 lingua,
821 905 885 966 sive
900 907 1013 968 clerico

97 986 163 1047 sive
184 985 263 1045 laico
277 984 369 1044 etiam
381 983 652 1053 excommunicato,
667 983 731 1045 sive
753 983 849 1056 fideli,
865 986 929 1048 sive
942 986 1013 1048 infi-

97 1065 172 1136 deli,
190 1065 254 1126 sive
276 1064 437 1136 catholico,
452 1063 515 1124 sive
536 1064 688 1135 boeretico,
710 1063 864 1136 siveviro,
884 1066 948 1127 sive
968 1068 1013 1128 fe·

97 1147 193 1215 mina,
208 1151 327 1209 servata
340 1152 442 1209 tamen
455 1145 552 1206 forma
565 1152 596 1205 et
609 1144 779 1206 intentione
793 1146 950 1207 Eccleslae.

140 1226 203 1287 Sed
220 1226 246 1286 si
267 1225 348 1287 adsit
368 1225 527 1295 Sacerdos,
542 1224 678 1285 Diacono
699 1225 888 1305 praeferatur,
903 1228 1014 1289 Diaco-

100 1327 159 1367 nus
182 1305 385 1376 Subdiacono,
407 1305 537 1366 clericus
563 1304 652 1375 laico,
674 1311 706 1366 et
726 1306 772 1366 vir
791 1305 931 1379 seminae3
955 1308 1015 1369 nisi

99 1386 226 1469 pudoris
250 1386 348 1468 gratia
373 1387 481 1447 deceat
507 1385 650 1446 feminam
675 1385 774 1479 potiris
799 1389 892 1467 qualm
916 1388 1015 1450 virum

96 1468 256 1549 baptizare
270 1467 418 1527 infantem
429 1486 490 1527 non
504 1464 626 1526 omnind
638 1466 763 1537 editum,
774 1467 822 1528 vel
835 1468 894 1529 nisi
908 1468 1015 1530 meliis

79 1548 215 1608 ,femina
237 1547 331 1608 sciret
355 1547 481 1608 formam
504 1553 536 1607 et
559 1546 681 1606 modum
706 1547 892 1625 baptizandi.
933 1549 1015 1624 Qua·

98 1637 224 1709 propter
245 1648 352 1689 curare
373 1627 463 1689 debet
483 1626 637 1689 Parocbus
658 1634 693 1687 ut
714 1626 832 1698 fideles,
847 1630 1015 1710 praesertim

100 1708 292 1779 obstetrices,
306 1714 425 1769 rectum
444 1707 621 1788 baptizandi
634 1707 726 1768 ritum
740 1710 833 1790 probe
846 1717 971 1770 teneant
985 1724 1017 1770 et

100 1795 234 1850 servent.
835 1804 838 1810 '

141 1871 311 1930 Pater'aut
334 1874 432 1929 mater
458 1867 608 1949 propriam
635 1867 752 1948 prolem
776 1866 931 1947 baptizare
955 1886 1016 1929 non
1046 1934 1049 1941 ,

101 1950 204 2020 debet,
223 1955 427 2031 praeterquam
447 1948 478 2009 in
503 1947 608 2008 mortis
632 1947 773 2016 articulo,
795 1946 916 2086 ‹puando
939 1948 1017 2010 alius
1097 1988 1100 1993 -

102 2049 161 2091 non
176 2029 327 2111 reperitur
338 2031 393 2109 qui
407 2029 562 2110 baptizet;
582 2046 682 2106 neque
698 2033 771 2088 tunc
788 2048 807 2087 u
822 2028 882 2088 lam
896 2036 1017 2093 contra·

103 2110 179 2172 bunt
193 2111 413 2191 cognationem,
427 2128 497 2189 quae
511 2107 694 2170 matrimonii
707 2128 794 2169 usum
809 2107 975 2190 impediat·

293 2263 355 2312 .DE
376 2260 614 2319 BAPTIZANDIS
635 2260 819 2311 PARVULIS.
863 2286 867 2297 ·

172 2379 404 2440 PPORTUNE
424 2377 578 2440 Parocbus
599 2362 736 2438 bortetur
756 2398 819 2448 eos,
833 2377 872 2439 ad
886 2390 963 2459 qnos
984 2399 1020 2441 ea

187 2481 261 2521 cura
271 2460 415 2540 pertinet,
426 2466 462 2520 ut
475 2465 562 2520 natos
577 2459 719 2528 infantes,
732 2457 796 2518 sive
807 2456 1018 2539 baptizandos,

106 2541 168 2600 sive
180 2541 362 2622 baptizatos,
374 2538 592 2620 quamprimbm
604 2537 670 2599 fieri
684 2538 806 2619 poterit,
816 2544 848 2599 et
858 2556 918 2617 qua
929 2534 1020 2601 decet

106 2621 281 2683 Christiana
294 2620 452 2691 modestia,
468 2619 533 2681 sine
545 2628 664 2701 pompos
677 2618 811 2679 vanitate
826 2618 966 2680 deferant
978 2620 1018 2680 ad

106 2702 287 2770 Ecclesiam,
307 2710 349 2762 ne'
368 2701 432 2762 illis
453 2703 679 2762 Sacramentum
701 2698 858 2778 tantopere
878 2716 1018 2761 necessa·

108 2783 183 2842 rium
197 2781 325 2849 nimilrrn
338 2780 496 2843 differatur
510 2800 579 2843 cum
593 2779 729 2860 periculo
745 2779 864 2848 salutis,
877 2783 908 2838 et
921 2786 957 2840 ut
970 2780 1018 2851 ils,

106 2863 157 2942 qui
179 2883 217 2923 ex
237 2864 420 2925 necessitate
441 2860 582 2942 privatim
602 2859 749 2940 baptizati
769 2866 848 2930 sunt,
865 2869 1018 2922 consuetae

107 2942 295 3009 caeremoniae
321 2942 460 3023 ritusque
488 2942 697 3023 suppleantur,
724 2938 835 3001 omissa
865 2940 961 3002 forma
988 2950 1020 3003 et

109 3025 271 3085 ablutione.

143 3105 245 3166 Nemo
258 3104 291 3164 in
305 3110 393 3165 utero
403 3102 508 3164 matris
520 3103 641 3163 clausus
654 3100 804 3182 baptizari
816 3101 917 3162 debet.
958 3101 1019 3162 Sed

108 3185 131 3245 si
141 3185 244 3247 infans
256 3191 349 3278 caput
359 3184 504 3255 emiserit,
515 3189 547 3244 et
557 3182 726 3264 periculum
736 3181 842 3243 mortis
853 3181 1019 3252 immineat,

109 3267 280 3347 baptizetur
294 3286 325 3325 rn
337 3265 455 3345 eapite3
474 3284 532 3325 nec
543 3264 660 3345 posted,
672 3263 698 3324 si
710 3262 798 3325 vivus
810 3262 950 3333 evaserit,
961 3261 1021 3323 erit

76 3384 79 3413 ,
109 3345 212 3407 iterum
232 3345 446 3428 baptizandus.
486 3344 532 3406 st
551 3344 577 3405 si
590 3342 672 3405 aliud
688 3345 859 3422 membrum
874 3342 1019 3413 emiserit,

109 3428 186 3506 qnod
200 3427 325 3488 vitalem
340 3425 457 3487 indicet
469 3431 595 3495 motum,
609 3424 641 3484 in
655 3423 719 3494 illo,
735 3423 760 3484 si
778 3424 947 3518 periculum
962 3423 1018 3482 im·

76 3538 80 3549 ·
110 3505 249 3586 pendent,
262 3507 437 3588 baptizetur
445 3527 455 3579 ς
476 3512 509 3570 et
520 3512 607 3578 tunc,
617 3504 645 3568 si
657 3510 747 3568 natus
758 3504 879 3576 vixerit,
892 3504 949 3566 erit
963 3502 1018 3563 sub
