2234 4006
296 310 336 350 us
358 307 558 352 sconsunnro
579 308 730 368 numum.
932 299 969 354 st

106 551 237 612 RITUS
274 548 544 619 SERVANDUS,
574 550 669 611 CUM
704 550 934 650 uelscopus
976 612 982 623 ,

400 655 638 717 ΒΑΡΤΙΖΑΤ.“
697 650 700 654 ’

20 911 22 914 ,
122 852 137 910 Ι
166 849 347 931 Episcopus,
372 848 421 908 vel
452 848 483 908 S.
508 849 546 913 R.
569 849 607 907 E.
633 847 805 909 Cardinalis
832 851 974 930 parvulos

141 931 192 992 sel
214 930 334 990 adultos
356 928 511 1010 baptizare
531 928 672 999 voluerit,
690 936 837 1069 parantur
857 937 889 992 et
910 951 974 992 ser-

59 1018 173 1072 vantur
186 1009 296 1080 omnia,
312 1016 345 1070 ut
366 1009 502 1090 superius
516 1009 555 1069 de
570 1009 676 1070 ordine
719 1008 839 1090 aptismi
859 1010 975 1072 dictum

59 1099 118 1162 est,
132 1099 226 1170 atque
243 1089 307 1162 haec
321 1090 470 1170 praetered
484 1109 553 1168 quae
567 1089 649 1150 infru
663 1097 817 1150 notantur.

101 1171 218 1233 Adsint
240 1169 431 1263 Cappellani,
451 1169 501 1229 vel
526 1169 581 1230 alii
600 1170 786 1250 Presbyteri,
808 1176 840 1231 et
860 1170 975 1234 Clerici

62 1273 94 1313 su
137 1250 291 1332 rpelliceis
305 1250 417 1320 1nduti,
433 1249 485 1328 qui
501 1248 528 1309 ei
543 1249 688 1311 assistant
702 1271 736 1310 ac
752 1250 935 1312 ministrent.

139 1353 173 1392 se
193 1330 265 1391 verd
288 1351 377 1412 super
398 1330 554 1391 rochetum
576 1329 640 1390 sive
663 1330 927 1411 superpelliceum,
949 1335 975 1394 si

61 1422 108 1475 est
153 1409 295 1491 egularis,
309 1410 441 1491 accipiat
454 1411 562 1480 albam,
579 1418 610 1471 et
629 1410 795 1492 cingulum,
811 1418 842 1472 et
856 1413 975 1485 stolam,

62 1493 255 1574 etplnviale
281 1491 410 1552 violacei
438 1490 556 1561 coloris,
584 1511 619 1552 ac
648 1492 785 1553 mitram:
814 1498 906 1572 atque
933 1493 977 1556 ita

63 1581 186 1655 paratus
201 1592 268 1632 cum
284 1570 430 1633 ministris
450 1571 596 1653 procedat
609 1573 646 1632 ad
670 1572 817 1654 Baptismi
839 1573 976 1636 ministe-

63 1655 151 1714 rium.
174 1655 215 1714 llt
233 1652 306 1711 dum
329 1652 505 1733 interrogat,
521 1651 563 1710 N.
585 1651 665 1725 Quid
679 1654 760 1732 petis
782 1653 818 1712 ab
838 1653 977 1714 Ecclesia

63 1735 148 1794 Dei?
175 1754 210 1794 ac
239 1733 309 1792 dum
337 1732 413 1793 facit
439 1733 572 1812 reliquas
599 1733 861 1813 interrogationes,
891 1734 978 1795 sedet

62 1835 130 1876 cum
155 1813 263 1874 mitra:
276 1811 351 1886 „cium
373 1811 446 1873 verd
469 1810 619 1882 exsufflat,
641 1811 782 1881 dicendo,
802 1811 871 1871 Euri
889 1813 925 1872 ab
945 1832 977 1872 eo

60 1896 211 1955 irnmunde
225 1893 366 1972 spiritus3
391 1893 488 1974 surgit
508 1913 576 1952 cum
599 1892 697 1951 mitra.
738 1889 975 1964 nurstssedet,
1061 1932 1063 1937 «

62 1974 129 2036 cium
144 1975 246 2054 signat
266 1973 524 2033 catechumenum
539 1971 624 2053 signo
644 1970 753 2031 Crucis
773 1971 805 2031 in
819 1971 930 2044 fronte,
945 1982 978 2036 et

61 2057 92 2116 in
117 2065 253 2137 pectore,
274 2053 322 2113 vel
345 2053 438 2114 dicite
459 2053 570 2130 Accipe
589 2052 711 2130 signum
733 2052 847 2122 Crucis,
872 2061 925 2113 etc.
946 2063 978 2116 et

62 2135 130 2197 edm
156 2133 233 2194 dicit
257 2132 427 2204 Orationes,
449 2152 515 2213 quae
541 2133 719 2213 praecedunt
737 2134 787 2193 vel
806 2141 978 2214 sequuntur

61 2214 307 2278 benedictionem
331 2214 415 2284 salis,
434 2212 541 2294 surgit·
555 2213 693 2312 deposita
716 2214 816 2286 mitra,
838 2215 978 2279 similiter

62 2296 130 2358 cium
151 2295 251 2377 ipsum
265 2295 358 2354 salem
374 2293 536 2357 benedicit..
564 2294 641 2353 Cum
655 2300 755 2356 autem
771 2295 868 2356 salem'
884 2298 977 2358 bene·
994 2330 996 2336 ·

62 2377 184 2438 dictum-
200 2374 337 2436 immittit
356 2375 389 2434 in
409 2394 443 2435 os
462 2368 651 2515 baptizandi,
668 2375 787 2436 mitram
809 2375 931 2458 accipit,
946 2385 979 2440 et

63 2458 160 2518 sedet.
202 2455 280 2515 Cum
305 2454 377 2515 serd
403 2454 478 2536 legit
529 2455 704 2525 xorcismos‚
727 2462 760 2516 et
783 2456 855 2516 dum
882 2457 979 2518 saliva

61 2557 152 2600 aures
166 2542 200 2596 et
219 2554 306 2596 nares
327 2535 547 2596 catechumeni
563 2540 691 2615 tangens
705 2535 792 2606 dicit,
806 2535 978 2617 Epdplretu,

61 2639 97 2679 ac
110 2618 186 2678 dum
206 2615 374 2676 introducit
387 2623 455 2676 cum
469 2615 501 2674 in
522 2614 704 2685 Ecclesiam,
720 2622 781 2676 stat
794 2635 863 2675 cum
876 2615 976 2678 mitra.

61 2697 140 2758 Clam
164 2704 267 2758 autern
294 2695 380 2766 dicit,
408 2695 504 2755 Credo
527 2696 561 2754 in
584 2695 685 2756 Deum
707 2695 843 2765 Putrem,
867 2698 920 2756 ete.
945 2705 977 2758 et

63 2780 155 2839 Pater
174 2779 282 2851 noster,
306 2796 397 2857 super
417 2775 688 2845 catechumenum,
709 2780 772 2835 stat
791 2773 856 2836 sine
876 2776 976 2838 mitra.

63 2858 124 2919 Sed
140 2855 209 2918 cium
220 2855 461 2936 nomen-querit,
473 2861 505 2915 et
517 2855 700 2936 interrogat:¹
723 2854 764 2914 Ν.
774 2855 977 2918 Abreuuntius

62 2947 186 3009 suanae,
202 2939 256 2996 etc.
277 2943 309 2997 et
327 2935 544 3018 baptizandum
566 2934 641 2996 Oleo
656 2944 742 2996 sacro
755 2934 788 2995 in
808 2943 931 3017 pectore
945 2944 977 3000 et
1040 2945 1045 2956 '

61 3017 142 3080 inter
163 3017 304 3097 scapulas
324 3016 453 3097 inungit,
474 3016 562 3076 sedet
587 3036 656 3076 cnm
681 3015 788 3076 mitra:
809 3036 870 3096 quo
894 3019 975 3079 facto

61 3097 174 3180 accipit
187 3096 308 3166 stolam,
323 3102 355 3157 et
367 3096 501 3177 pluviale
515 3096 627 3157 album.
667 3097 709 3157 Ilt
723 3094 790 3157 cium
803 3097 907 3159 rursus
926 3098 974 3160 in·

59 3184 195 3260 terrogat
207 3178 247 3238 de
263 3176 340 3237 Fide
349 3197 358 3248 3
383 3176 486 3236 Credis
505 3177 539 3236 iu
553 3176 656 3248 Deum,
672 3184 724 3238 etc.
752 3176 803 3237 Vis
817 3179 974 3257 baptizari,

60 3263 113 3319 ete.
128 3266 161 3321 et
175 3256 244 3318 cum
257 3257 396 3338 baptizat
414 3278 469 3338 per
483 3256 677 3329 infusionem,
692 3258 779 3319 sedet
793 3278 861 3319 cum
875 3258 974 3319 mitra.

61 3339 93 3400 Si
113 3337 347 3481 sepldblpaptizat
366 3358 421 3420 per
444 3337 678 3410 immersionem,
699 3337 817 3401 mitram
840 3339 974 3403 retinens

59 3426 140 3482 stare
180 3440 196 3482 e
236 3427 283 3481 t*
