2234 4006
105 280 144 335 20
342 289 381 330 nu
403 286 602 347 sucauunuro
624 285 775 329 nurrrsur.

104 439 136 494 et
149 429 400 501 benedictionem,
414 431 602 508 Fontemque
615 425 812 509 Baptismatis
825 436 934 488 uocare
948 426 1015 508 dig·

103 544 193 598 natus
208 543 265 598 est.

143 641 201 701 Hic
218 620 329 719 pollice
353 640 387 700 irs
401 640 506 719 fronte
527 638 630 718 signat
649 636 807 714 insontem,
829 638 948 698 dicens.-
976 639 1017 698 ut

103 746 158 806 hoc
182 745 301 826 signum
326 752 437 817 sanctae
463 743 572 805 Crucis
590 741 625 813 K<
643 744 725 822 quod
750 763 806 804 nos
831 742 924 803 fronti
949 744 1016 821 ejus

102 852 219 922 damus,
231 856 265 911 tu
279 851 441 912 maledicte
455 850 574 911 diabole
588 868 753 928 numquam
767 849 878 909 audeas
889 847 1016 909 violare.

102 956 162 1017 Per
176 956 314 1018 eumdem
329 956 484 1018 Christum
499 953 661 1016 Dominum
675 960 822 1014 nostrum.
843 936 882 1024 Pl.
903 954 1015 1013 Amen.

140 1061 219 1121 Mox
239 1062 365 1140 imponit
381 1081 497 1122 maroam
511 1080 597 1141 saper
611 1063 700 1140 copul
718 1058 901 1140 infantiam
922 1059 1015 1119 dicit:

496 1209 621 1250 OREMUS.

199 1312 385 1372 TERNAM
400 1334 435 1374 ac
445 1311 645 1392 justissimam
659 1311 802 1393 pietatem
813 1318 896 1372 tuam
905 1311 1016 1391 depre-

218 1438 280 1488 cor,
296 1417 425 1477 Domine
445 1424 560 1487 sancte,
576 1417 667 1477 Pater
684 1415 884 1497 omnipotens,
902 1422 1017 1477 aeterne

100 1521 195 1593 Deus,
208 1511 313 1583 auctor
326 1521 449 1582 luminis
464 1530 496 1583 et
506 1521 654 1592 veritatis,
668 1543 758 1603 super
771 1521 852 1582 hunc
866 1522 1016 1582 famulum

98 1633 184 1687 tuum
199 1628 253 1698 N„
267 1634 302 1689 ut
318 1626 451 1708 digneris
465 1627 554 1699 illum
574 1626 747 1688 illuminare
761 1627 875 1687 lumine
896 1627 1016 1694 intelli·

98 1733 210 1813 gentiae
231 1739 307 1794 tum:
328 1732 442 1792 munda
462 1753 542 1804 eum,
557 1740 589 1801 et
610 1731 784 1793 sanctifica:
806 1732 846 1792 da
866 1732 893 1792 ei
914 1733 1016 1793 scien-

98 1838 172 1900 tiam
192 1859 306 1910 reram,
326 1844 362 1898 ut
381 1837 491 1920 dignus
513 1838 611 1920 gratia
635 1838 784 1919 Baptismi
808 1837 854 1898 tui
875 1837 1016 1908 effectus,

97 1949 202 2005 teneat
228 1943 345 2004 firmam
373 1965 468 2025 spem,
497 1943 657 2005 consilium
687 1950 814 2013 rectum,
843 1944 1017 2005 doctrinam

99 2056 246 2110 sanctam.
266 2049 326 2109 Per
341 2048 497 2110 Christum
512 2049 675 2110 Dominum
687 2057 833 2110 nostrum.
847 2027 886 2116 ll.
902 2051 1017 2110 Amen.

137 2153 251 2212 Posteri
269 2153 412 2213 Sacerdos
426 2153 550 2233 imponit
564 2163 723 2216 octrumum
738 2162 851 2234 portem
865 2154 947 2215 stolae
964 2175 1017 2216 au·

92 2278 149 2340 per
161 2257 321 2340 insontem,
338 2265 365 2318 et
384 2259 625 2343 introducitleum
644 2260 679 2320 in
692 2260 874 2330 Ecclesiam,
890 2263 1016 2323 dicem.-

97 2364 140 2425 N.
156 2363 322 2444 Ingredere
334 2362 366 2423 in
381 2364 528 2444 templum
549 2360 618 2434 Det
633 2371 667 2425 ut
688 2366 797 2427 habeas
812 2372 928 2447 partem
944 2389 1016 2428 curn

97 2468 220 2531 Christo
234 2468 266 2528 in
280 2467 373 2529 vitam
388 2474 540 2529 aternam.
562 2460 602 2544 ld
624 2472 734 2532 Amen.

141 2572 345 2654 Coimsucrint
359 2572 525 2634 Ecclesium
537 2575 675 2652 ingressi,
694 2576 839 2636 Sacerdos
850 2579 1018 2655 procedens

97 2682 136 2739 od
156 2678 281 2740 Fontem
303 2697 366 2740 cum
391 2678 609 2761 Susceptorc'bor
630 2683 813 2763 conjunctim
835 2684 917 2758 clara
944 2705 1016 2745 voce

42 2770 46 2779 '
98 2785 191 2847 a‘eo:
296 2807 315 2864 χ

164 2885 279 2951 Run'o
288 2868 440 2962 in'Deum,
450 2892 570 2953 Patrem
580 2883 1015 2973 omnipotentem‚Creatorem

184 2996 254 3056 coeli
265 3001 297 3056 et
306 3004 405 3056 terrae.
432 2996 514 3057 Elin
526 2997 630 3058 lesum
642 2998 809 3070 Christum,
821 3000 933 3059 Filium
946 3002 1015 3080 ejus

96 3088 232 3172 unicum,
257 3101 420 3161 Dominum
444 3107 600 3162 nostrumc
628 3102 682 3182 qui
696 3110 875 3185 'conceptus
900 3113 949 3166 est
973 3106 1015 3167 de

128 3253 142 3302 Ι
157 3253 254 3302 believe
269 3254 295 3302 in
311 3254 374 3312 God,
384 3253 426 3302 the
442 3254 534 3304 Father
543 3255 682 3323 Almighly,
695 3258 797 3307 Creator
811 3259 841 3307 of
852 3258 947 3308 heaven
964 3263 1014 3310 and

97 3316 174 3374 earth,
185 3316 234 3365 aad
247 3317 274 3366 in
284 3317 359 3366 Jesus
371 3317 461 3376 Christ,
471 3318 512 3368 his
525 3319 585 3384 only
596 3321 653 3377 Son,
664 3336 710 3370 our
719 3322 799 3383 Lord3
815 3321 872 3371 who
883 3337 935 3371 was
952 3338 1014 3371 con-

97 3379 184 3431 celred
193 3378 209 3428 b
236 3378 279 3429 the
290 3380 357 3445 Holy
368 3381 455 3439 Ghost,
465 3380 526 3430 born
536 3383 566 3431 of
572 3382 613 3432 the
625 3383 713 3445 virgin
723 3384 807 3449 Many,
816 3385 921 3434 suffered
933 3386 1014 3436 under

96 3443 199 3493 Pontius
209 3395 296 3501 litate,
307 3458 359 3492 was
374 3444 499 3502 crucified,
509 3445 571 3495 dead
582 3447 630 3496 and
645 3443 744 3507 bu'ried3
760 3446 792 3498 he
802 3449 941 3498 descended
956 3449 1012 3498 into

96 3506 155 3566 bell,
165 3507 207 3557 the
217 3505 282 3557 thhd
297 3506 345 3574 day
355 3505 387 3556 he
401 3522 457 3558 rose
468 3509 541 3576 again
556 3509 619 3562 from
629 3511 670 3562 the
680 3511 758 3573 dead3
774 3511 805 3562 he
821 3512 944 3562 ascended
959 3512 1015 3564 into
