2206 4004
156 272 212 327 184
333 283 519 325 nnunnucrro
541 283 575 325 ru
595 281 744 325 unrncnno
766 281 887 323 unauna

155 533 247 594 Pater
267 535 379 591 noster.

192 626 235 707 77.
254 637 297 697 Et
309 655 348 697 ne
361 655 417 696 nos
430 632 580 695 inducas
571 654 605 694 ιι
619 633 827 695 tentationem

193 727 233 816 ll
254 743 316 804 Sed
330 742 424 804 libera
438 760 494 803 nos
510 762 529 799 a
515 740 632 802 malo.

193 838 235 919 ll.
258 849 382 910 Salvum
403 848 451 909 lac
473 867 593 908 servum
613 852 701 907 tuum
720 843 782 927 (uel
801 845 947 907 ancillam
967 850 1056 917 tuam;

126 1016 129 1021 .
158 962 185 1015 at
198 954 240 1015 sic
255 948 414 1034 deiaoeps.)

195 1043 234 1132 ll.
258 1059 342 1120 Deus
356 1074 452 1128 meus,
467 1061 638 1140 sperantem
651 1055 740 1129 ἰιιιο.

194 1154 236 1236 ll.
258 1164 399 1236 Domine,
413 1161 523 1224 exaudi
543 1160 709 1225 orationem
722 1181 830 1224 meam.

196 1253 236 1342 ll.
256 1266 577 1330 Etclamormeusad
594 1265 750 1331 teveniat·

196 1363 238 1445 ll.
259 1374 407 1435 Dominus
425 1375 591 1434 vobiscum.

197 1459 238 1548 ll.
256 1479 300 1540 llt
313 1497 383 1539 cum
396 1476 486 1559 spirit
472 1484 583 1541 tutuo.

193 425 290 508 Kyrie
324 424 447 486 eleison.
490 423 613 489 ennato
642 423 769 485 eleison.
808 421 908 505 Kyrie
261 39 1099 1337 a}

237 1797 566 1863 LEMENTISSIME
578 1798 674 1869 Deus,
682 1796 775 1859 Pater
783 1791 1061 1867 misericordiarum

256 1908 289 1966 et
307 1904 392 1966 Deus
414 1904 507 1966 totius
531 1902 757 1974 consolationis,
778 1901 832 1982 qni
844 1891 1003 1965 lueminem
1018 1901 1062 1962 uis

159 2007 259 2090 perire
281 2007 365 2068 inte
386 2009 571 2079 credentem,
585 2013 678 2089 atque
698 2013 882 2089 sperantem,
902 2000 1067 2070 secundnm

159 2110 387 2174 multitudinem
406 2112 633 2175 miserationum
651 2106 902 2195 tuarumre'spice
923 2103 1063 2195 propitius
1097 2104 1099 2185 l

160 2214 307 2285 famulum
321 2222 407 2277 tuum
423 2218 466 2278 N.
480 2238 571 2298 quem
585 2216 641 2280 tibi
654 2236 727 2279 vera
738 2214 817 2308 fides
830 2216 868 2280 αι’
881 2218 955 2299 spes
963 2212 1064 2280 ‘Chris-

159 2320 243 2382 tiana
256 2322 478 2385 commendant.
515 2316 616 2384 Visita
629 2321 744 2384 eumin
757 2322 883 2384 salomri
896 2329 962 2396 tuo,
974 2329 1005 2386 et
1016 2342 1064 2404 per

160 2424 319 2509 Unigeniti
333 2425 379 2489 tui
390 2426 578 2505 Passionem,
590 2433 622 2489 et
634 2428 771 2500 mortem,
785 2427 919 2489 omnium
932 2429 963 2489 ei
976 2429 1063 2491 delic-

159 2535 260 2594 torum
279 2551 400 2593 suorum
422 2530 639 2604 remissionem,
654 2538 687 2596 et
698 2532 819 2594 veniam
831 2534 1006 2612 ‘elementer
1022 2534 1063 2593 in·

161 2638 272 2721 dulge3
292 2644 328 2701 ut
350 2639 415 2719 ejus
436 2637 588 2717 animuin
608 2638 682 2701 hora
701 2637 800 2701 exitus
817 2637 865 2699 sui
885 2644 917 2699 te
933 2638 1064 2718 judicem

160 2744 357 2826 propitiatam
369 2744 515 2816 inveniat,
530 2743 608 2807 etin
623 2740 770 2825 sanguine
784 2743 920 2824 ejusdem
935 2742 1007 2803 Filii
1025 2739 1065 2802 tui

161 2850 198 2908 ab
222 2850 304 2910 omni
328 2850 447 2913 macula
470 2850 573 2911 abluta
594 2848 725 2911 transire
745 2848 784 2910 a‘d
804 2848 898 2911 vitam
921 2841 1065 2910 mereatur
1093 2864 1099 2917 ,·

160 2961 348 3034 perpetuam.
386 2954 447 3017 Per
460 2954 618 3017 Christum
632 2953 795 3019 Dominum
809 2958 957 3016 nostrum.
1090 2928 1099 3037 l

201 3041 241 3129 ll.
262 3060 372 3120 Amen.
473 3057 476 3062 ’
1097 3042 1099 3049 ’

205 3159 279 3220 Tam
293 3161 371 3221 dicto
385 3163 421 3220 ab
433 3183 490 3223 ano
501 3176 538 3224 aa
550 3164 677 3224 Clericis
690 3164 891 3246 adstantibus,
906 3162 1065 3231 Confiteor,

166 3264 309 3327 Sacerdos
322 3266 421 3327 dicat:
446 3268 641 3340 Misereatur,
656 3275 717 3331 etc.
738 3260 872 3330 Deinde:
1097 3328 1099 3363 Ι

201 3370 349 3433 Dominus
362 3376 465 3433 noster
477 3372 567 3434 lesus
583 3373 735 3446 Christus,
750 3372 847 3436 Filius
862 3374 922 3436 Dei
934 3372 1009 3446 vivi,
1020 3371 1067 3454 qul
1096 3370 1099 3461 l

145 3469 248 3541 'beato
273 3478 364 3541 Petro
388 3478 536 3560 Apostolo
561 3498 616 3542 suo
640 3479 728 3542 dedit
750 3484 933 3562 potestatem
958 3472 1068 3561 ligandi
1096 3486 1099 3549 l
