2234 4006
191 279 231 319 DE
251 276 446 319 mutatoria
469 279 509 319 ΕΤ
532 279 613 319 ΟῸΒΑ
634 278 839 321 maranorum.
933 264 971 320 63

53 508 114 566 DE
136 504 422 565 VISITATIONE
448 504 507 564 ΕΤ
532 504 653 565 CURA
676 504 975 603 INFIRMORUhl.

128 665 332 727 AROCHUS
351 664 385 725 in
398 664 503 747 primis
520 665 693 727 meminisse
707 666 808 737 debet,
822 686 884 739 non
904 687 974 746 pos·

147 756 260 808 tremas
288 767 356 807 esse
382 747 517 806 muneris
544 746 593 807 sui
623 754 735 829 partes,
765 748 975 828 aegrotantium

56 849 166 889 curam
177 828 296 889 habere.
332 827 432 900 Quare
448 826 514 887 cum
528 824 656 908 primdm
671 827 791 887 noverit
804 828 976 909 quempiam

55 929 96 970 ex
110 908 254 970 fidelibus
270 927 351 968 curae
366 928 426 967 suae
442 907 609 968 commissis
623 914 778 988 agrotare,
790 928 851 969 non
866 929 976 989 espec·
1075 948 1078 955 ·

37 1066 40 1071 Ι
56 989 136 1050 tabit
149 996 185 1049 ut
198 990 235 1050 ad
257 1009 326 1048 eum
339 995 476 1058 vocetur,
491 988 545 1048 sed
559 987 648 1049 ultro
662 990 701 1048 ad
721 989 811 1049 illum
830 991 975 1060 accedat;
1059 1020 1063 1028 ·

55 1071 153 1150 idque
175 1090 234 1130 uon
257 1070 351 1130 semel
374 1068 502 1139 tantiam,
518 1068 572 1128 sed
595 1068 715 1150 saepids,
730 1069 878 1149 quatenus
901 1092 976 1151 opus

57 1151 171 1211 fuerit:
192 1151 390 1230 horteturque
410 1149 597 1230 parochiales
613 1169 683 1209 suos
697 1158 732 1211 ut
751 1150 850 1231 ipsum
872 1151 975 1211 admo-

57 1239 163 1301 neant,
180 1230 247 1291 cum
268 1231 401 1310 aliquem
421 1231 453 1289 in
468 1229 621 1291 'Parochia
637 1250 691 1290 sua
713 1237 857 1311 agrotars
878 1232 976 1292 conti·

55 1312 148 1392 gerit,
163 1311 316 1393 pracipud
330 1311 355 1372 si
370 1313 490 1371 morbus
504 1310 625 1391 gravior
637 1310 740 1371 fuerit.

70 1412 73 1419 ·
100 1392 152 1452 Ad
180 1392 242 1452 hoc
260 1390 391 1472 juvabit,
419 1391 587 1471 prasertim
614 1390 646 1451 in
674 1392 782 1473 amplis
809 1391 975 1464 Parochiis,

59 1479 241 1553 aegrotorum
262 1479 363 1533 uotam
378 1492 431 1533 seu
449 1472 618 1550 catalogum
639 1472 758 1543 habere,
773 1478 808 1533 ut
829 1475 977 1554 cujusque

58 1561 173 1613 statum
199 1560 232 1613 et
255 1553 459 1613 conditionem
485 1560 657 1632 cognoscat,
680 1574 843 1634 eorumque
864 1576 976 1615 memo·

59 1634 136 1694 riam
163 1633 283 1695 facilius
308 1628 451 1703 retinere,
470 1639 509 1694 'et
536 1633 599 1695 illis
624 1635 792 1714 opportuna
816 1636 976 1695 subvenire

56 1714 168 1796 possit.

100 1793 192 1869 Qudd
211 1794 238 1854 si
258 1793 412 1854 Parochus
434 1793 569 1874 legitimd
590 1792 764 1885 impeditus,
778 1792 977 1863 infirmorum,

59 1882 94 1935 ut
105 1875 229 1954 quando
243 1875 348 1956 plures
360 1880 442 1943 sunt,
451 1872 619 1934 visitationi
632 1873 785 1933 interritam
795 1892 905 1932 uacare
917 1892 978 1933 non

58 1962 181 2037 potest3
202 1955 235 2015 id
256 1955 460 2035 praestandum
483 1951 601 2013 curabit
621 1952 764 2032 paralius
786 1952 978 2035 Sacerdotes,

59 2037 86 2096 si
100 2055 179 2115 quos
199 2035 290 2095 habet
312 2035 352 2093 in
363 2033 511 2094 Parochia
533 2053 597 2102 sua,
612 2036 674 2093 aut‘
687 2033 795 2093 saltem
816 2053 871 2112 per
884 2032 978 2095 laicos

60 2117 199 2177 homines
212 2115 291 2196 pios,
305 2123 337 2176 ct
351 2113 524 2174 Christiana
539 2112 684 2175 charitate
697 2113 851 2195 praeditos.

99 2197 248 2277 AEgrotos
260 2194 399 2265 visitans,
412 2215 457 2264 ea,
470 2215 531 2275 qua
545 2194 724 2255 Sacerdotes
740 2193 863 2255 Domini
877 2194 978 2264 decet,

60 2277 221 2337 honestate
235 2283 267 2337 et
282 2275 435 2356 gravitate
449 2295 482 2335 se
502 2275 620 2344 habeat,
635 2283 671 2336 ut
688 2295 748 2335 non
763 2275 850 2356 agris
872 2275 978 2344 solim,

60 2358 116 2417 sed
142 2357 201 2417 sibi
225 2364 256 2418 et
281 2352 455 2418 domesticis
480 2358 571 2416 verbo
596 2362 628 2416 ct
654 2357 792 2437 exemplo
819 2355 917 2438 prosit
940 2356 979 2417 ad

60 2439 204 2498 salutem.

101 2520 216 2578 Eorum
232 2517 304 2578 verb
325 2517 508 2598 praecipuam
530 2536 634 2577 curam
656 2522 751 2597 geret,
767 2515 819 2595 qui
840 2515 979 2575 humanis

61 2598 186 2659 auxiliis
206 2598 358 2667 destituti,
372 2598 495 2678 benigni
509 2619 543 2658 ac
561 2596 679 2677 providi
700 2597 835 2657 Pastoris
850 2595 979 2656 charita-

63 2685 177 2739 temet
196 2699 317 2759 operam
337 2678 507 2758 requirunt.
548 2677 665 2751 Quibus
679 2677 706 2737 si
726 2696 787 2736 non
801 2683 902 2757 potest
915 2675 981 2755 ipse

64 2779 243 2820 succurrere
265 2759 303 2818 dc
327 2779 391 2829 suo,
407 2766 438 2820 et
460 2760 668 2838 eleimosynas
688 2756 762 2826 illis,
779 2761 870 2837 prout
891 2757 982 2818 debet

65 2840 92 2898 si
105 2840 234 2901 facultas
246 2838 392 2920 suppetit,
400 2860 522 2920 erogare
533 2859 541 2908 3
562 2836 704 2917 quantum
718 2837 784 2897 fieri
796 2843 906 2917 potest,
917 2837 981 2897 sive

68 2940 119 2999 per
133 2918 301 2990 charitatis,
317 2921 366 2980 vel
387 2919 513 2981 alterius
528 2917 657 2978 nominis
680 2916 981 2989 Confraternitatem,

71 3000 96 3058 si
113 3000 145 3060 iu
160 3022 196 3062 ea
210 3000 335 3061 civitate
349 3001 398 3061 vel
415 3000 484 3060 lo‘co
498 2999 601 3068 fuerit,
616 2999 680 3061 sive
700 3019 755 3078 per
769 2998 902 3078 privatas
917 3000 982 3059 sive

75 3099 122 3157 per
142 3081 279 3160 publicas
294 3082 440 3142 collectas
455 3087 486 3141 et
506 3080 723 3162 eleimosynas,
737 3080 861 3145 illorum
875 3100 981 3140 neces·

78 3158 207 3222 sitatibus
222 3162 461 3228 succurrendum
477 3161 603 3222 curabit.

113 3240 276 3335 Inprimis
301 3250 399 3303 autem
427 3242 615 3323 spiritualem
641 3242 852 3321 aegrotantium
879 3260 982 3301 curam

84 3322 225 3403 suscipiat,
247 3342 427 3402 omnemque
448 3323 636 3404 diligentiam
661 3322 693 3382 in
715 3342 750 3383 eo
771 3328 875 3402 ponat,
896 3327 932 3382 ut
949 3319 981 3380 in

85 3397 124 3456 via
136 3402 239 3464 salutis
254 3422 305 3462 eos
319 3403 441 3483 dirigat,
456 3411 547 3484 atque
562 3411 581 3463 a
596 3403 752 3464 diabolicis
767 3403 886 3463 insidiis
901 3400 981 3460 salu·

87 3479 178 3542 tarium
191 3477 435 3563 adjumentorum
449 3485 587 3565 prasidio
602 3485 748 3546 defendat
761 3505 796 3546 ac
811 3487 941 3543 tueatur.
