2206 4004
147 260 206 345 192
270 278 369 323 nonus
388 277 569 321 uxomuunr
590 274 817 320 rnorussrourur
838 252 939 335 nmini

296 441 299 448 ’
380 406 517 482 Duotore
531 418 576 481 sic
590 425 621 482 te
641 418 755 509 praevio

254 549 260 557 ·
380 526 521 588 Vitemus
536 545 625 586 omne
638 525 772 587 noxium.

380 685 441 749 Per
454 691 486 748 te
500 685 632 748 sciamus
646 686 686 747 da
698 686 834 757 Patrem,
897 767 900 772 ἢ

381 792 554 875 Noscamus
568 798 661 872 atque
675 791 806 862 Filium3
915 836 918 843 Δ

383 897 492 978 Teque
507 896 667 977 utriusque
682 895 831 978 Spiritum
902 898 905 909 '

383 1002 552 1063 Credamus
567 1001 649 1063 omui
663 1008 809 1085 tempore.

344 1244 347 1251 Ι
382 1165 448 1225 Deo
462 1162 548 1224 Patri
562 1161 603 1222 sit
616 1162 723 1244 gloria,

383 1269 425 1329 nt
438 1267 528 1339 Filio,
544 1266 597 1347 qui
613 1266 771 1329 amortuis
858 1270 861 1275 ’

386 1373 535 1443 Surrexit,
551 1393 586 1435 ac
601 1374 755 1434 Paraclito

314 1474 316 1479 ’
387 1478 425 1538 ·In
441 1478 619 1539 saeculorum
634 1478 755 1553 saecula.
794 1480 906 1540 Amen.

188 1629 230 1712 id.
249 1639 366 1701 Emitte
380 1635 525 1719 Spiritum
540 1643 638 1709 tuum,
654 1636 686 1700 et
699 1640 893 1707 creabuntur.

189 1732 228 1820 d.
249 1748 292 1808 Et
304 1743 462 1807 renovabis
483 1741 592 1804 faciem
608 1750 707 1803 terrae.

188 1842 231 1922 u.
251 1850 381 1914 Domine
396 1849 506 1910 exaudi
521 1849 687 1910 orationem
700 1869 807 1910 meam.

190 1941 231 2030 ld.
250 1958 293 2020 nt
307 1957 420 2017 clamor
434 1975 518 2016 meus
532 1954 571 2016 ad
588 1961 619 2016 te
633 1953 746 2039 veniat.

190 2053 232 2134 11.
253 2063 402 2125 Dominus
419 2064 587 2123 vobiscum.
671 2122 674 2129 ,

192 2155 233 2243 ld.
251 2172 376 2231 Etcum
392 2168 500 2250 spiritu
514 2173 578 2229 tuo.
599 2207 601 2210 -

482 2387 484 2391 ’
551 2377 675 2419 OREMUS.

242 2511 335 2582 EUS,
347 2508 401 2590 qui
415 2508 507 2571 corda
519 2508 656 2570 fidelium
668 2509 773 2598 Sancti
787 2508 920 2591 Spiritus
931 2511 1058 2574 illustra·

261 2618 345 2681 tione
358 2615 500 2687 docuisti,
515 2613 555 2676 da
574 2615 661 2676 nobis
681 2616 714 2676 in
728 2616 834 2678 eodem
851 2615 970 2698 Spiritu
984 2597 1065 2678 recta

115 2794 118 2800 ,
154 2745 270 2808 sapere,
285 2729 317 2786 et
335 2723 374 2783 de
388 2723 453 2802 ejus
468 2741 587 2802 semper
605 2720 811 2782 consolatione
824 2714 969 2802 gaudere.
1007 2722 1060 2782 Per

153 2831 317 2893 Dominum
330 2835 467 2891 nostrum
480 2828 498 2888 J
500 2848 585 2889 esum
599 2811 755 2887 Christum
774 2825 887 2886 Filium
900 2832 1000 2899 tuum,
1013 2824 1061 2907 qui

152 2944 256 2998 tecum
278 2934 357 2996 vivit
382 2940 414 2995 et
437 2939 544 3012 regnat
569 2933 601 2992 in
626 2932 743 2993 unitate
771 2932 907 3012 ejusdem
936 2917 1061 3014 Spiritus

154 3038 263 3111 sancti,
284 3040 379 3110 Deus,
399 3059 454 3120 per
475 3038 575 3099 omnia
594 3037 707 3099 saeoula
727 3038 916 3099 seculorum.
958 3039 1062 3099 Amen.

192 3146 304 3207 Postea
323 3144 471 3205 Sacerdos
485 3143 572 3205 sedet
592 3143 622 3204 in
638 3164 731 3204 cornu
751 3143 897 3222 Epistolae
912 3142 953 3224 (si
973 3145 1061 3205 Sauo·

152 3225 722 3300 tissimumSacramentum'asservetur
734 3225 766 3284 in
778 3224 1006 3304 tabernaculo,)
1016 3223 1059 3285 sin

152 3306 251 3369 minus
264 3304 298 3365 in
310 3303 410 3364 medio
425 3303 553 3373 Altaria,
568 3308 599 3362 et
619 3324 718 3364 coram
731 3304 786 3375 illo
799 3302 983 3385 genuflectit
1000 3324 1062 3386 pro·

152 3390 300 3458 sessurus,
314 3392 347 3444 et
365 3382 478 3443 emittit
494 3382 712 3463 professionem
732 3383 815 3456 fidei,
826 3390 924 3467 prout¹
942 3383 1061 3448 inferius

152 3470 297 3532 habetur:
317 3465 367 3526 vel
377 3463 403 3525 si
414 3463 531 3548 nesciat
539 3464 651 3545 legere,
661 3464 810 3547 Sacerdos
817 3466 961 3549 praelegit
970 3466 1061 3529 eidem

790 3674 879 3759 [a
