2234 4006
237 298 277 342 ne
299 299 499 343 suemusnro
519 266 672 344 exrnsnn
694 292 868 355 uncurosrs.
969 292 1008 350 55

135 443 237 504 Debet
260 449 360 505 autem
385 442 441 504 hoc
467 444 694 504 Sacramentum
719 443 848 506 infirmis
870 445 1010 528 praeberi,

93 524 149 604 qui
171 522 240 585 cbm
261 524 299 585 ad
322 544 410 589 usum
429 523 556 585 rationis
577 524 781 606 pervenerint,
796 533 858 586 tam
878 525 1011 607 graviter

78 602 291 687 {paborenbut
300 604 406 666 mortis
420 604 588 698 periculum
600 605 757 666 imminere
768 606 919 677 videatur,
931 613 963 669 et
972 607 1011 669 iis

87 686 149 767 ‚qui
162 704 226 767 prae
241 684 324 745 senio
340 683 498 755 deliciunt,
513 691 545 746 et
562 685 594 747 in
609 685 689 746 diem
703 685 846 747 videntur
862 687 1011 759 morituri,

65 822 77 841 ,
94 765 189 829 etiam
203 764 269 826 sine
283 765 343 826 alia
356 764 543 827 infirmitate.
761 831 765 838 ,

135 844 273 908 Infirmis
297 851 408 916 sutem,
434 846 487 926 qui
511 847 583 906 dum
609 865 682 908 sana
704 852 806 908 mente
830 852 862 907 et
885 845 1012 928 integris

95 927 238 990 sensibus
271 932 384 997 essent,
418 925 497 986 illud
529 927 683 1008 petierint,
719 947 771 987 seu
806 927 1013 989 verisimiliter

95 1008 270 1090 petiissent,
299 1027 351 1068 seu
380 1006 521 1067 dederint
552 1008 638 1088 signa
665 1007 866 1078 contritionis,
895 1007 1013 1069 etiamsi

96 1088 211 1151 deinde
232 1088 384 1167 loquelam
405 1086 571 1158 amiserint,
591 1089 640 1149 vel
662 1094 798 1155 amentes
819 1088 919 1148 effecti
939 1089 1012 1160 sint,

95 1170 146 1230 vel
161 1167 306 1238 delirent,
321 1180 449 1228 autnon
464 1168 608 1237 sentiant,
622 1167 815 1228 nibilominbs
837 1171 1014 1248 prebeatur.

137 1249 201 1310 Sed
216 1247 243 1309 si
262 1247 411 1318 infirmus,
427 1249 499 1308 dum
514 1248 654 1330 phrenesi
668 1255 722 1308 aut
741 1248 873 1310 amentia
886 1249 1013 1322 laborat,

96 1327 305 1407 verisimiliter
319 1334 423 1410 posset
444 1328 611 1408 quidquam
631 1328 733 1389 facere
747 1334 852 1389 contra
872 1348 1013 1390 reveren·

95 1410 172 1472 tiam
187 1409 387 1481 sacramenti,
401 1428 462 1470 non
475 1409 650 1491 inungetur,
665 1407 725 1468 nisi
740 1409 908 1490 periculum
923 1410 1014 1473 tolla·

97 1497 149 1553 tur
165 1488 301 1551 omnind.
387 1518 392 1525 ’
454 1497 456 1502 “
592 1494 595 1498 ’

137 1567 406 1651 Impoenitenbbus
424 1568 509 1641 verb,
527 1575 559 1631 et
580 1569 686 1650 quiin
706 1570 866 1633 manifesto
888 1576 1015 1650 peccato

98 1651 221 1713 mortali
247 1648 429 1721 moriuntur,
457 1655 489 1711 et
516 1650 795 1723 excommunicatis,
823 1658 855 1714 et
881 1650 1015 1712 nondbm

97 1734 135 1794 ba
157 1729 263 1793 tizatis
284 1728 405 1810 penitus
426 1729 604 1812 denegetur.

173 1831 212 1874 on
232 1811 422 1872 ministretur
442 1809 533 1872 ctiam
553 1810 690 1893 prelium
707 1809 841 1879 inituris,
855 1815 909 1871 aut
928 1809 1014 1871 navi·

98 1892 330 1976 gestionem-aut
346 1890 628 1984 peregrinationem,
643 1897 696 1950 aut
709 1889 769 1949 alia
782 1889 919 1968 pericula
932 1890 1014 1951 subi·

98 1973 189 2044 turis,
210 1978 264 2034 eut
287 1970 347 2032 reis
368 1972 475 2032 ultimo
500 1969 649 2051 supplicio
669 1988 739 2028 mox
763 1967 941 2042 alliciendis,
961 1978 1016 2035 aut

98 2053 202 2137 pueris
215 2051 341 2115 rationis
355 2071 443 2112 usum
457 2070 518 2111 non
531 2048 719 2111 habentibus.

139 2133 265 2213 Siquis
289 2138 390 2193 autem
415 2132 532 2192 laborat
555 2131 588 2191 in
613 2130 766 2200 extremis,
789 2137 821 2192 et
843 2131 1013 2210 periculum

98 2214 258 2277 immineat
276 2232 315 2273 ne
331 2211 460 2273 decedat
480 2217 642 2291 antequam
661 2209 805 2272 liniantur
825 2211 1013 2287 Unctiones;

100 2295 164 2357 citd
184 2299 327 2376 ungatur,
341 2291 524 2374 incipiendo
535 2294 573 2354 ab
587 2312 622 2353 eo
636 2292 722 2352 loco:
744 2293 803 2351 Per
818 2293 909 2352 istum
928 2310 1013 2354 sanc·

98 2380 165 2449 tam
179 2373 363 2444 Unctionem,
377 2376 429 2435 cto.
442 2378 479 2434 ut
490 2372 582 2434 inire.
622 2372 741 2433 Deinde
755 2371 893 2444 si-adhuc
907 2393 1012 2455 super-

98 2457 194 2527 vivat,
205 2455 346 2516 dicantur
357 2452 516 2514 Orationes
525 2453 748 2534 praetermissae,
758 2473 812 2514 suo
823 2453 1013 2535 locopositoe.

137 2534 231 2611 Quod
248 2534 273 2596 si
295 2533 414 2595 dubitet
433 2553 471 2594 an
485 2533 569 2594 vivat
582 2533 690 2605 adhuc,
705 2533 890 2594 Unctionem
909 2551 1014 2625 prose*

121 2624 226 2685 natur,
238 2616 293 2676 sub
308 2613 481 2675 conditione
501 2613 723 2695 pronuntiando
737 2613 874 2683 formam,
889 2612 1012 2675 dicens:

101 2638 139 2758 li
152 2695 245 2765 vivis,
257 2709 310 2773 per
322 2695 410 2758 istum
424 2702 557 2754 sanctam
573 2692 749 2764 Unctionem,
766 2697 817 2753 ete.
832 2699 868 2751 ut
880 2691 973 2753 infre.

139 2776 175 2838 Si
188 2774 262 2837 verb
276 2775 349 2834 dum
361 2773 528 2854 inungitur,
542 2774 681 2834 infirmus
696 2773 835 2842 decedat,
850 2773 1013 2854 Presbyter

98 2857 186 2920 ultrei
198 2875 261 2918 non
274 2854 428 2937 procedat,
443 2860 475 2915 et
487 2854 647 2934 predictas
661 2853 820 2914 Orationes
835 2852 966 2915 omittat.

138 2936 296 2999 Siautem
309 2933 457 2996 acciderit
475 2933 628 2996 infirmum
642 2941 712 3014 post
730 2939 928 3014 peccatorum.
943 2954 1012 2996 suo·

99 3036 170 3081 rum
195 3015 417 3078 confessionem
442 3014 479 3075 ad
508 3013 623 3075 exitum
646 3013 717 3074 vite
743 3033 914 3154 properare,
938 3020 1013 3078 tunc

99 3116 170 3161 cnm
194 3117 282 3160 sacro
301 3094 422 3157 Viaticu
446 3094 611 3176 poteritet
632 3094 740 3154 Oleum
763 3094 795 3155 in
820 3115 950 3156 rmorum
972 3097 1012 3157 ad

99 3199 168 3240 eum
181 3176 306 3247 deferri,
319 3175 486 3258 peripsum
500 3175 694 3236 Sacerdotem
709 3174 762 3254 qui
782 3175 882 3237 defert
895 3195 1012 3239 sacram
1094 3223 1101 3228 .

99 3257 332 3321 Eucharistiam.
360 3255 393 3316 Si
406 3261 507 3318 tamen
518 3256 596 3317 alius
608 3256 771 3337 Presbyter
782 3257 832 3317 vel
847 3256 1012 3327 Diaconus',

121 3339 154 3400 ui
174 3339 283 3400 Oleum
298 3342 437 3400 sanctum
457 3335 586 3407 deferat,
600 3335 702 3397 haberi
722 3335 828 3417 possit,
865 3357 898 3397 er
913 3337 1013 3419 ipsum

100 3359 272 3481 deferatur:
293 3417 346 3498 qui
361 3416 580 3498 superpelliceo
599 3415 737 3488 indutus,
751 3437 819 3477 cum
834 3357 909 3478 (ileo
925 3435 1012 3481 sacro

100 3499 222 3565 occulte
245 3498 347 3563 delato
374 3502 518 3577 sequatur
546 3497 741 3561 Sacerdotem
764 3495 918 3561 viaticum
941 3515 1011 3580 por·
1098 3492 1104 3509 ¹
