<?xml version="1.0" encoding="UTF-8"?>
<!DOCTYPE html PUBLIC "-//W3C//DTD XHTML 1.0 Transitional//EN"
    "http://www.w3.org/TR/xhtml1/DTD/xhtml1-transitional.dtd">
<html xmlns="http://www.w3.org/1999/xhtml" xml:lang="en" lang="en">
 <head>
  <title>
</title>
<meta http-equiv="Content-Type" content="text/html;charset=utf-8" />
  <meta name='ocr-system' content='tesseract 3.04.00' />
  <meta name='ocr-capabilities' content='ocr_page ocr_carea ocr_par ocr_line ocrx_word'/>
</head>
<body>
  <div class='ocr_page' id='page_1' title='image "./compendiumritua00mdgoog_0079.png"; bbox 0 0 2206 4004; ppageno 0'>
   <div class='ocr_carea' id='block_1_1' title="bbox 150 246 930 306">
    <p class='ocr_par' dir='ltr' id='par_1_1' title="bbox 150 246 930 306">
     <span class='ocr_line' id='line_1_1' title="bbox 150 246 930 306; baseline -0.003 0"><span class='ocrx_word' id='word_1_1' title='bbox 150 246 189 306; x_wconf 83' lang='grc'>68</span> <span class='ocrx_word' id='word_1_2' title='bbox 290 264 329 305; x_wconf 79' lang='lat' dir='ltr'>ns</span> <span class='ocrx_word' id='word_1_3' title='bbox 350 265 545 306; x_wconf 79' lang='lat' dir='ltr'>vrsrrnmoun</span> <span class='ocrx_word' id='word_1_4' title='bbox 567 265 608 306; x_wconf 80' lang='lat' dir='ltr'>nu</span> <span class='ocrx_word' id='word_1_5' title='bbox 628 265 706 305; x_wconf 78' lang='lat' dir='ltr'>cons</span> <span class='ocrx_word' id='word_1_6' title='bbox 727 263 930 305; x_wconf 71' lang='lat' dir='ltr'>romanorun.</span> 
     </span>
    </p>
   </div>
   <div class='ocr_carea' id='block_1_2' title="bbox 114 401 1093 2819">
    <p class='ocr_par' dir='ltr' id='par_1_2' title="bbox 149 401 1047 650">
     <span class='ocr_line' id='line_1_2' title="bbox 150 401 1045 488; baseline -0.008 -20"><span class='ocrx_word' id='word_1_7' title='bbox 150 413 291 477; x_wconf 85' lang='lat' dir='ltr'>mentem,</span> <span class='ocrx_word' id='word_1_8' title='bbox 305 413 513 488; x_wconf 77' lang='lat' dir='ltr'>proponatque</span> <span class='ocrx_word' id='word_1_9' title='bbox 527 407 601 486; x_wconf 88' lang='lat' dir='ltr'>quid</span> <span class='ocrx_word' id='word_1_10' title='bbox 615 407 653 467; x_wconf 88' lang='lat' dir='ltr'>ad</span> <span class='ocrx_word' id='word_1_11' title='bbox 675 425 739 466; x_wconf 89' lang='lat' dir='ltr'>earn</span> <span class='ocrx_word' id='word_1_12' title='bbox 754 407 995 486; x_wconf 86' lang='lat' dir='ltr'>consequendam</span> <span class='ocrx_word' id='word_1_13' title='bbox 1008 401 1045 484; x_wconf 76' lang='lat' dir='ltr'>agi</span> 
     </span>
     <span class='ocr_line' id='line_1_3' title="bbox 150 486 1047 567; baseline -0.006 -18"><span class='ocrx_word' id='word_1_14' title='bbox 150 489 276 559; x_wconf 81' lang='lat' dir='ltr'>debeat3</span> <span class='ocrx_word' id='word_1_15' title='bbox 300 487 480 567; x_wconf 80' lang='lat' dir='ltr'>pracsertim,</span> <span class='ocrx_word' id='word_1_16' title='bbox 505 496 541 548; x_wconf 91' lang='lat' dir='ltr'>ut</span> <span class='ocrx_word' id='word_1_17' title='bbox 565 487 696 549; x_wconf 89' lang='lat' dir='ltr'>contrito</span> <span class='ocrx_word' id='word_1_18' title='bbox 720 488 810 548; x_wconf 90' lang='lat' dir='ltr'>corde</span> <span class='ocrx_word' id='word_1_19' title='bbox 836 486 1047 548; x_wconf 88' lang='lat' dir='ltr'>sanctissimum</span> 
     </span>
     <span class='ocr_line' id='line_1_4' title="bbox 149 567 782 650; baseline -0.002 -21"><span class='ocrx_word' id='word_1_20' title='bbox 149 587 258 629; x_wconf 88' lang='lat' dir='ltr'>nomen</span> <span class='ocrx_word' id='word_1_21' title='bbox 272 569 288 628; x_wconf 90' lang='lat' dir='ltr'><strong>J</strong></span> <span class='ocrx_word' id='word_1_22' title='bbox 292 586 344 627; x_wconf 89' lang='lat' dir='ltr'>esu</span> <span class='ocrx_word' id='word_1_23' title='bbox 360 569 452 628; x_wconf 91' lang='lat' dir='ltr'>semel</span> <span class='ocrx_word' id='word_1_24' title='bbox 467 569 515 629; x_wconf 91' lang='lat' dir='ltr'>vel</span> <span class='ocrx_word' id='word_1_25' title='bbox 532 567 639 650; x_wconf 83' lang='lat' dir='ltr'>saepiirs</span> <span class='ocrx_word' id='word_1_26' title='bbox 653 568 782 628; x_wconf 85' lang='lat' dir='ltr'><strong>invocet.</strong></span> 
     </span>
    </p>

    <p class='ocr_par' dir='ltr' id='par_1_3' title="bbox 148 644 1093 889">
     <span class='ocr_line' id='line_1_5' title="bbox 189 644 1093 718; baseline -0.003 -10"><span class='ocrx_word' id='word_1_27' title='bbox 189 647 308 708; x_wconf 86' lang='lat' dir='ltr'>Deinde</span> <span class='ocrx_word' id='word_1_28' title='bbox 323 647 458 709; x_wconf 84' lang='lat' dir='ltr'>hortetur</span> <span class='ocrx_word' id='word_1_29' title='bbox 471 648 634 718; x_wconf 83' lang='lat' dir='ltr'>infirmum,</span> <span class='ocrx_word' id='word_1_30' title='bbox 646 654 678 709; x_wconf 92' lang='lat' dir='ltr'>et</span> <span class='ocrx_word' id='word_1_31' title='bbox 692 647 805 711; x_wconf 86' lang='lat' dir='ltr'>excitet</span> <span class='ocrx_word' id='word_1_32' title='bbox 816 652 861 717; x_wconf 87' lang='lat' dir='ltr'>ut,</span> <span class='ocrx_word' id='word_1_33' title='bbox 872 648 945 708; x_wconf 92' lang='lat' dir='ltr'>dum</span> <span class='ocrx_word' id='word_1_34' title='bbox 959 652 1048 708; x_wconf 84' lang='lat' dir='ltr'>menta</span> <span class='ocrx_word' id='word_1_35' title='bbox 1091 644 1093 653; x_wconf 88' lang='lat'>&#39;</span> 
     </span>
     <span class='ocr_line' id='line_1_6' title="bbox 148 726 1048 811; baseline 0 -25"><span class='ocrx_word' id='word_1_36' title='bbox 148 727 240 808; x_wconf 83' lang='lat' dir='ltr'>viget,</span> <span class='ocrx_word' id='word_1_37' title='bbox 253 727 356 789; x_wconf 89' lang='lat' dir='ltr'>eliciat</span> <span class='ocrx_word' id='word_1_38' title='bbox 369 737 455 789; x_wconf 87' lang='lat' dir='ltr'>actus</span> <span class='ocrx_word' id='word_1_39' title='bbox 469 729 552 800; x_wconf 90' lang='lat' dir='ltr'>fidei,</span> <span class='ocrx_word' id='word_1_40' title='bbox 567 729 642 811; x_wconf 87' lang='lat' dir='ltr'>spei,</span> <span class='ocrx_word' id='word_1_41' title='bbox 654 734 685 789; x_wconf 91' lang='lat' dir='ltr'>et</span> <span class='ocrx_word' id='word_1_42' title='bbox 695 726 862 798; x_wconf 83' lang='lat' dir='ltr'>charitatis,</span> <span class='ocrx_word' id='word_1_43' title='bbox 872 729 1048 808; x_wconf 86' lang='lat' dir='ltr'>aliarumque</span> 
     </span>
     <span class='ocr_line' id='line_1_7' title="bbox 148 809 927 889; baseline 0.001 -21"><span class='ocrx_word' id='word_1_44' title='bbox 148 809 305 878; x_wconf 89' lang='lat' dir='ltr'>virtutum,</span> <span class='ocrx_word' id='word_1_45' title='bbox 320 828 445 889; x_wconf 86' lang='lat' dir='ltr'>nempe:</span> <span class='ocrx_word' id='word_1_46' title='bbox 481 852 484 857; x_wconf 82' lang='lat'>·</span> <span class='ocrx_word' id='word_1_47' title='bbox 923 844 927 851; x_wconf 94' lang='lat'><em>·</em></span> 
     </span>
    </p>

    <p class='ocr_par' dir='ltr' id='par_1_4' title="bbox 149 886 1050 1110">
     <span class='ocr_line' id='line_1_8' title="bbox 189 886 1049 968; baseline 0.001 -21"><span class='ocrx_word' id='word_1_48' title='bbox 189 887 267 951; x_wconf 79' lang='lat' dir='ltr'>“Ut</span> <span class='ocrx_word' id='word_1_49' title='bbox 279 887 406 950; x_wconf 85' lang='lat' dir='ltr'>firmiter</span> <span class='ocrx_word' id='word_1_50' title='bbox 421 886 527 951; x_wconf 87' lang='lat' dir='ltr'>credat</span> <span class='ocrx_word' id='word_1_51' title='bbox 538 902 644 949; x_wconf 85' lang='lat' dir='ltr'>omnes</span> <span class='ocrx_word' id='word_1_52' title='bbox 655 888 799 949; x_wconf 83' lang='lat' dir='ltr'>articulos</span> <span class='ocrx_word' id='word_1_53' title='bbox 813 888 913 958; x_wconf 85' lang='lat' dir='ltr'>Fidei,</span> <span class='ocrx_word' id='word_1_54' title='bbox 926 894 958 949; x_wconf 91' lang='lat' dir='ltr'>et</span> <span class='ocrx_word' id='word_1_55' title='bbox 971 888 1049 968; x_wconf 91' lang='lat' dir='ltr'>quid-</span> 
     </span>
     <span class='ocr_line' id='line_1_9' title="bbox 149 966 1050 1051; baseline 0.002 -24"><span class='ocrx_word' id='word_1_56' title='bbox 149 977 169 1002; x_wconf 88' lang='grc'>“</span> <span class='ocrx_word' id='word_1_57' title='bbox 182 966 255 1048; x_wconf 91' lang='lat' dir='ltr'>quid</span> <span class='ocrx_word' id='word_1_58' title='bbox 268 977 372 1030; x_wconf 83' lang='lat' dir='ltr'>sancta</span> <span class='ocrx_word' id='word_1_59' title='bbox 381 971 515 1030; x_wconf 87' lang='lat' dir='ltr'>Romanu</span> <span class='ocrx_word' id='word_1_60' title='bbox 524 969 665 1031; x_wconf 82' lang='lat' dir='ltr'>Ecclesia</span> <span class='ocrx_word' id='word_1_61' title='bbox 674 968 831 1031; x_wconf 86' lang='lat' dir='ltr'>Catholica</span> <span class='ocrx_word' id='word_1_62' title='bbox 843 975 875 1030; x_wconf 88' lang='lat' dir='ltr'>et</span> <span class='ocrx_word' id='word_1_63' title='bbox 883 968 1050 1051; x_wconf 82' lang='lat' dir='ltr'>Apostolica</span> 
     </span>
     <span class='ocr_line' id='line_1_10' title="bbox 149 1049 438 1110; baseline -0.003 -1"><span class='ocrx_word' id='word_1_64' title='bbox 149 1057 169 1082; x_wconf 86' lang='lat'>&#39;‘</span> <span class='ocrx_word' id='word_1_65' title='bbox 182 1049 281 1109; x_wconf 86' lang='lat' dir='ltr'>credit</span> <span class='ocrx_word' id='word_1_66' title='bbox 294 1056 325 1110; x_wconf 90' lang='lat' dir='ltr'>et</span> <span class='ocrx_word' id='word_1_67' title='bbox 338 1049 438 1110; x_wconf 89' lang='lat' dir='ltr'>docet.</span> 
     </span>
    </p>

    <p class='ocr_par' dir='ltr' id='par_1_5' title="bbox 147 1129 1052 1511">
     <span class='ocr_line' id='line_1_11' title="bbox 189 1129 1052 1212; baseline 0 -23"><span class='ocrx_word' id='word_1_68' title='bbox 189 1130 267 1190; x_wconf 89' lang='lat' dir='ltr'>“Ut</span> <span class='ocrx_word' id='word_1_69' title='bbox 288 1135 390 1212; x_wconf 84' lang='lat' dir='ltr'>speret</span> <span class='ocrx_word' id='word_1_70' title='bbox 410 1130 564 1190; x_wconf 84' lang='lat' dir='ltr'>Christum</span> <span class='ocrx_word' id='word_1_71' title='bbox 588 1129 750 1189; x_wconf 91' lang='lat' dir='ltr'>Dominum</span> <span class='ocrx_word' id='word_1_72' title='bbox 771 1135 907 1190; x_wconf 89' lang='lat' dir='ltr'>nostrum</span> <span class='ocrx_word' id='word_1_73' title='bbox 931 1151 985 1212; x_wconf 89' lang='lat' dir='ltr'>pro</span> <span class='ocrx_word' id='word_1_74' title='bbox 1005 1150 1052 1190; x_wconf 86' lang='lat' dir='ltr'>sua</span> 
     </span>
     <span class='ocr_line' id='line_1_12' title="bbox 149 1209 1051 1292; baseline 0 -23"><span class='ocrx_word' id='word_1_75' title='bbox 149 1218 168 1243; x_wconf 92' lang='lat'><strong>“</strong></span> <span class='ocrx_word' id='word_1_76' title='bbox 181 1209 327 1271; x_wconf 88' lang='lat' dir='ltr'>immensa</span> <span class='ocrx_word' id='word_1_77' title='bbox 336 1211 497 1271; x_wconf 84' lang='lat' dir='ltr'>clementia</span> <span class='ocrx_word' id='word_1_78' title='bbox 506 1211 561 1283; x_wconf 82' lang='lat' dir='ltr'>sibi</span> <span class='ocrx_word' id='word_1_79' title='bbox 573 1211 638 1270; x_wconf 90' lang='lat' dir='ltr'>fore</span> <span class='ocrx_word' id='word_1_80' title='bbox 649 1210 822 1292; x_wconf 90' lang='lat' dir='ltr'>propitium,</span> <span class='ocrx_word' id='word_1_81' title='bbox 832 1218 864 1270; x_wconf 90' lang='lat' dir='ltr'>et</span> <span class='ocrx_word' id='word_1_82' title='bbox 875 1213 983 1272; x_wconf 80' lang='lat' dir='ltr'>merito</span> <span class='ocrx_word' id='word_1_83' title='bbox 993 1211 1051 1290; x_wconf 85' lang='lat' dir='ltr'>ejus</span> 
     </span>
     <span class='ocr_line' id='line_1_13' title="bbox 148 1290 1051 1372; baseline -0.001 -22"><span class='ocrx_word' id='word_1_84' title='bbox 148 1298 168 1324; x_wconf 80' lang='lat'>‘⁴</span> <span class='ocrx_word' id='word_1_85' title='bbox 181 1291 376 1351; x_wconf 74' lang='lat' dir='ltr'>sanctissimae</span> <span class='ocrx_word' id='word_1_86' title='bbox 399 1291 563 1361; x_wconf 71' lang='lat' dir='ltr'>PassioniS,¹</span> <span class='ocrx_word' id='word_1_87' title='bbox 579 1298 611 1362; x_wconf 82' lang='lat' dir='ltr'>ot</span> <span class='ocrx_word' id='word_1_88' title='bbox 629 1311 683 1372; x_wconf 92' lang='lat' dir='ltr'>per</span> <span class='ocrx_word' id='word_1_89' title='bbox 696 1290 946 1352; x_wconf 87' lang='lat' dir='ltr'>intercessionem</span> <span class='ocrx_word' id='word_1_90' title='bbox 964 1294 1051 1351; x_wconf 87' lang='lat' dir='ltr'>beata</span> 
     </span>
     <span class='ocr_line' id='line_1_14' title="bbox 147 1371 1052 1434; baseline 0.001 -4"><span class='ocrx_word' id='word_1_91' title='bbox 147 1371 286 1430; x_wconf 83' lang='lat' dir='ltr'>“Mariae</span> <span class='ocrx_word' id='word_1_92' title='bbox 312 1379 344 1432; x_wconf 88' lang='lat' dir='ltr'>et</span> <span class='ocrx_word' id='word_1_93' title='bbox 370 1372 502 1432; x_wconf 90' lang='lat' dir='ltr'>omnium</span> <span class='ocrx_word' id='word_1_94' title='bbox 530 1373 708 1433; x_wconf 85' lang='lat' dir='ltr'>Sanctorum</span> <span class='ocrx_word' id='word_1_95' title='bbox 735 1390 769 1431; x_wconf 89' lang='lat' dir='ltr'>se</span> <span class='ocrx_word' id='word_1_96' title='bbox 793 1372 887 1432; x_wconf 89' lang='lat' dir='ltr'>vitam</span> <span class='ocrx_word' id='word_1_97' title='bbox 915 1378 1052 1434; x_wconf 78' lang='lat' dir='ltr'>aeternam</span> 
     </span>
     <span class='ocr_line' id='line_1_15' title="bbox 147 1457 423 1511; baseline -0.004 0"><span class='ocrx_word' id='word_1_98' title='bbox 147 1459 167 1484; x_wconf 81' lang='lat'>‘¹</span> <span class='ocrx_word' id='word_1_99' title='bbox 180 1457 423 1511; x_wconf 84' lang='lat' dir='ltr'>consecuturum.</span> 
     </span>
    </p>

    <p class='ocr_par' dir='ltr' id='par_1_6' title="bbox 145 1530 1053 1771">
     <span class='ocr_line' id='line_1_16' title="bbox 187 1530 1053 1613; baseline 0.002 -23"><span class='ocrx_word' id='word_1_100' title='bbox 187 1532 264 1592; x_wconf 87' lang='lat' dir='ltr'>“Ut</span> <span class='ocrx_word' id='word_1_101' title='bbox 286 1532 455 1591; x_wconf 88' lang='lat' dir='ltr'>totocorde</span> <span class='ocrx_word' id='word_1_102' title='bbox 476 1530 594 1612; x_wconf 87' lang='lat' dir='ltr'>diligat,</span> <span class='ocrx_word' id='word_1_103' title='bbox 610 1537 642 1592; x_wconf 88' lang='lat' dir='ltr'>et</span> <span class='ocrx_word' id='word_1_104' title='bbox 660 1531 790 1593; x_wconf 70' lang='lat' dir='ltr'>maxime</span> <span class='ocrx_word' id='word_1_105' title='bbox 807 1531 936 1613; x_wconf 83' lang='lat' dir='ltr'>diligere</span> <span class='ocrx_word' id='word_1_106' title='bbox 956 1533 1053 1613; x_wconf 91' lang='lat' dir='ltr'>cupiat</span> 
     </span>
     <span class='ocr_line' id='line_1_17' title="bbox 147 1611 1053 1694; baseline 0 -22"><span class='ocrx_word' id='word_1_107' title='bbox 147 1611 342 1673; x_wconf 87' lang='lat' dir='ltr'>“Dominum</span> <span class='ocrx_word' id='word_1_108' title='bbox 365 1613 464 1671; x_wconf 87' lang='lat' dir='ltr'>Deum</span> <span class='ocrx_word' id='word_1_109' title='bbox 486 1630 521 1671; x_wconf 85' lang='lat' dir='ltr'>ea</span> <span class='ocrx_word' id='word_1_110' title='bbox 543 1611 717 1683; x_wconf 82' lang='lat' dir='ltr'>dilectione,</span> <span class='ocrx_word' id='word_1_111' title='bbox 733 1631 793 1692; x_wconf 90' lang='lat' dir='ltr'>qua</span> <span class='ocrx_word' id='word_1_112' title='bbox 813 1612 901 1673; x_wconf 91' lang='lat' dir='ltr'>illum</span> <span class='ocrx_word' id='word_1_113' title='bbox 926 1612 1053 1694; x_wconf 83' lang='lat' dir='ltr'>diligunt</span> 
     </span>
     <span class='ocr_line' id='line_1_18' title="bbox 145 1692 803 1771; baseline -0.003 -19"><span class='ocrx_word' id='word_1_114' title='bbox 145 1693 266 1754; x_wconf 85' lang='lat' dir='ltr'>“Beati</span> <span class='ocrx_word' id='word_1_115' title='bbox 288 1692 452 1771; x_wconf 76' lang='lat' dir='ltr'>sanctique</span> <span class='ocrx_word' id='word_1_116' title='bbox 466 1712 580 1752; x_wconf 90' lang='lat' dir='ltr'>omnes.</span> <span class='ocrx_word' id='word_1_117' title='bbox 800 1694 803 1701; x_wconf 88' lang='lat'>&#39;</span> 
     </span>
    </p>

    <p class='ocr_par' dir='ltr' id='par_1_7' title="bbox 144 1772 1053 1968">
     <span class='ocr_line' id='line_1_19' title="bbox 184 1772 1051 1835; baseline 0 -1"><span class='ocrx_word' id='word_1_118' title='bbox 184 1774 263 1834; x_wconf 86' lang='lat' dir='ltr'>“Ut</span> <span class='ocrx_word' id='word_1_119' title='bbox 282 1776 318 1834; x_wconf 92' lang='lat' dir='ltr'>ob</span> <span class='ocrx_word' id='word_1_120' title='bbox 337 1793 467 1834; x_wconf 89' lang='lat' dir='ltr'>amorem</span> <span class='ocrx_word' id='word_1_121' title='bbox 489 1773 547 1833; x_wconf 91' lang='lat' dir='ltr'>Dei</span> <span class='ocrx_word' id='word_1_122' title='bbox 569 1772 672 1833; x_wconf 86' lang='lat' dir='ltr'>doleat</span> <span class='ocrx_word' id='word_1_123' title='bbox 692 1792 730 1832; x_wconf 88' lang='lat' dir='ltr'>ex</span> <span class='ocrx_word' id='word_1_124' title='bbox 744 1774 835 1833; x_wconf 85' lang='lat' dir='ltr'>corde</span> <span class='ocrx_word' id='word_1_125' title='bbox 856 1773 894 1834; x_wconf 92' lang='lat' dir='ltr'>de</span> <span class='ocrx_word' id='word_1_126' title='bbox 908 1775 990 1834; x_wconf 90' lang='lat' dir='ltr'>omni</span> <span class='ocrx_word' id='word_1_127' title='bbox 1011 1775 1051 1835; x_wconf 83' lang='lat' dir='ltr'>ol·</span> 
     </span>
     <span class='ocr_line' id='line_1_20' title="bbox 145 1853 1053 1937; baseline 0.001 -22"><span class='ocrx_word' id='word_1_128' title='bbox 145 1855 273 1924; x_wconf 82' lang='lat' dir='ltr'>“sensa,</span> <span class='ocrx_word' id='word_1_129' title='bbox 297 1854 559 1934; x_wconf 85' lang='lat' dir='ltr'>qualitercumque</span> <span class='ocrx_word' id='word_1_130' title='bbox 585 1860 690 1914; x_wconf 87' lang='lat' dir='ltr'>contra</span> <span class='ocrx_word' id='word_1_131' title='bbox 714 1853 877 1915; x_wconf 89' lang='lat' dir='ltr'>Dominum</span> <span class='ocrx_word' id='word_1_132' title='bbox 901 1855 1002 1915; x_wconf 92' lang='lat' dir='ltr'>Deum</span> <span class='ocrx_word' id='word_1_133' title='bbox 1025 1862 1053 1937; x_wconf 74' lang='lat' dir='ltr'>et</span> 
     </span>
     <span class='ocr_line' id='line_1_21' title="bbox 144 1935 745 1968; baseline 0 0"><span class='ocrx_word' id='word_1_134' title='bbox 144 1943 164 1968; x_wconf 75' lang='grc' dir='ltr'>ιι</span> <span class='ocrx_word' id='word_1_135' title='bbox 253 1937 260 1948; x_wconf 86' lang='grc'><em>·</em></span> <span class='ocrx_word' id='word_1_136' title='bbox 465 1935 471 1947; x_wconf 82' lang='grc'><strong>’</strong></span> <span class='ocrx_word' id='word_1_137' title='bbox 744 1944 745 1949; x_wconf 66' lang='grc'>’</span> 
     </span>
    </p>

    <p class='ocr_par' dir='ltr' id='par_1_8' title="bbox 143 1955 1051 2175">
     <span class='ocr_line' id='line_1_22' title="bbox 177 1955 1051 2106; baseline 0.001 -32"><span class='ocrx_word' id='word_1_138' title='bbox 177 1955 628 2076; x_wconf 51' lang='lat' dir='ltr'>lllllmelrniocrldddllssalnorem</span> <span class='ocrx_word' id='word_1_139' title='bbox 643 2014 701 2074; x_wconf 89' lang='lat' dir='ltr'>Dei</span> <span class='ocrx_word' id='word_1_140' title='bbox 721 2021 826 2106; x_wconf 88' lang='lat' dir='ltr'>parcat</span> <span class='ocrx_word' id='word_1_141' title='bbox 839 2015 989 2089; x_wconf 84' lang='lat' dir='ltr'>omnibus,</span> <span class='ocrx_word' id='word_1_142' title='bbox 1004 2016 1051 2096; x_wconf 92' lang='lat' dir='ltr'>qui</span> 
     </span>
     <span class='ocr_line' id='line_1_23' title="bbox 143 2094 949 2175; baseline 0.004 -21"><span class='ocrx_word' id='word_1_143' title='bbox 143 2103 163 2129; x_wconf 87' lang='lat'><strong><em>“</em></strong></span> <span class='ocrx_word' id='word_1_144' title='bbox 176 2094 233 2156; x_wconf 87' lang='lat' dir='ltr'>sibi</span> <span class='ocrx_word' id='word_1_145' title='bbox 247 2115 368 2175; x_wconf 91' lang='lat' dir='ltr'>quoquo</span> <span class='ocrx_word' id='word_1_146' title='bbox 383 2095 470 2154; x_wconf 89' lang='lat' dir='ltr'>rnodo</span> <span class='ocrx_word' id='word_1_147' title='bbox 484 2095 598 2155; x_wconf 85' lang='lat' dir='ltr'>suerint</span> <span class='ocrx_word' id='word_1_148' title='bbox 611 2094 741 2164; x_wconf 79' lang='lat' dir='ltr'>molesti,</span> <span class='ocrx_word' id='word_1_149' title='bbox 757 2101 809 2154; x_wconf 87' lang='lat' dir='ltr'>aut</span> <span class='ocrx_word' id='word_1_150' title='bbox 822 2094 949 2156; x_wconf 85' lang='lat' dir='ltr'>inimici.</span> 
     </span>
    </p>

    <p class='ocr_par' dir='ltr' id='par_1_9' title="bbox 143 2175 1050 2331">
     <span class='ocr_line' id='line_1_24' title="bbox 183 2175 1050 2254; baseline 0.002 -21"><span class='ocrx_word' id='word_1_151' title='bbox 183 2175 262 2234; x_wconf 90' lang='lat' dir='ltr'>“Ut</span> <span class='ocrx_word' id='word_1_152' title='bbox 283 2175 370 2234; x_wconf 87' lang='lat' dir='ltr'>abiis</span> <span class='ocrx_word' id='word_1_153' title='bbox 385 2175 504 2235; x_wconf 88' lang='lat' dir='ltr'>veniam</span> <span class='ocrx_word' id='word_1_154' title='bbox 525 2175 670 2254; x_wconf 89' lang='lat' dir='ltr'>postulet,</span> <span class='ocrx_word' id='word_1_155' title='bbox 685 2194 761 2254; x_wconf 87' lang='lat' dir='ltr'>quos</span> <span class='ocrx_word' id='word_1_156' title='bbox 777 2175 943 2254; x_wconf 87' lang='lat' dir='ltr'>aliquando</span> <span class='ocrx_word' id='word_1_157' title='bbox 965 2176 1050 2238; x_wconf 83' lang='lat' dir='ltr'>dictis</span> 
     </span>
     <span class='ocr_line' id='line_1_25' title="bbox 143 2253 820 2331; baseline -0.003 -16"><span class='ocrx_word' id='word_1_158' title='bbox 143 2263 163 2289; x_wconf 89' lang='lat'><strong>“</strong></span> <span class='ocrx_word' id='word_1_159' title='bbox 176 2261 228 2315; x_wconf 90' lang='lat' dir='ltr'>aut</span> <span class='ocrx_word' id='word_1_160' title='bbox 241 2253 331 2313; x_wconf 85' lang='lat' dir='ltr'>factis</span> <span class='ocrx_word' id='word_1_161' title='bbox 346 2254 481 2313; x_wconf 86' lang='lat' dir='ltr'>offendit.</span> <span class='ocrx_word' id='word_1_162' title='bbox 815 2323 820 2331; x_wconf 86' lang='lat'><strong><em>.</em></strong></span> 
     </span>
    </p>

    <p class='ocr_par' dir='ltr' id='par_1_10' title="bbox 142 2333 1049 2576">
     <span class='ocr_line' id='line_1_26' title="bbox 183 2333 1049 2414; baseline 0.006 -20"><span class='ocrx_word' id='word_1_163' title='bbox 183 2334 260 2402; x_wconf 89' lang='lat' dir='ltr'>“Ut</span> <span class='ocrx_word' id='word_1_164' title='bbox 280 2353 369 2412; x_wconf 89' lang='lat' dir='ltr'>quem</span> <span class='ocrx_word' id='word_1_165' title='bbox 394 2334 508 2414; x_wconf 87' lang='lat' dir='ltr'>patitur</span> <span class='ocrx_word' id='word_1_166' title='bbox 529 2333 681 2405; x_wconf 87' lang='lat' dir='ltr'>dolorem,</span> <span class='ocrx_word' id='word_1_167' title='bbox 696 2339 727 2394; x_wconf 93' lang='lat' dir='ltr'>et</span> <span class='ocrx_word' id='word_1_168' title='bbox 750 2335 851 2396; x_wconf 86' lang='lat' dir='ltr'>morbi</span> <span class='ocrx_word' id='word_1_169' title='bbox 871 2337 1049 2407; x_wconf 88' lang='lat' dir='ltr'>molestiam,</span> 
     </span>
     <span class='ocr_line' id='line_1_27' title="bbox 142 2413 1049 2496; baseline 0.004 -22"><span class='ocrx_word' id='word_1_170' title='bbox 142 2413 304 2495; x_wconf 87' lang='lat' dir='ltr'>“propter</span> <span class='ocrx_word' id='word_1_171' title='bbox 319 2415 417 2475; x_wconf 89' lang='lat' dir='ltr'>Deum</span> <span class='ocrx_word' id='word_1_172' title='bbox 435 2413 468 2473; x_wconf 90' lang='lat' dir='ltr'>in</span> <span class='ocrx_word' id='word_1_173' title='bbox 485 2414 696 2494; x_wconf 80' lang='lat' dir='ltr'>poenitentiam</span> <span class='ocrx_word' id='word_1_174' title='bbox 717 2424 910 2496; x_wconf 89' lang='lat' dir='ltr'>peccatorum</span> <span class='ocrx_word' id='word_1_175' title='bbox 932 2439 1049 2480; x_wconf 90' lang='lat' dir='ltr'>suorum</span> 
     </span>
     <span class='ocr_line' id='line_1_28' title="bbox 142 2494 458 2576; baseline -0.009 -20"><span class='ocrx_word' id='word_1_176' title='bbox 142 2503 162 2529; x_wconf 90' lang='lat'>“</span> <span class='ocrx_word' id='word_1_177' title='bbox 174 2496 325 2576; x_wconf 90' lang='lat' dir='ltr'>patienter</span> <span class='ocrx_word' id='word_1_178' title='bbox 338 2494 458 2555; x_wconf 88' lang='lat' dir='ltr'>toleret.</span> 
     </span>
    </p>

    <p class='ocr_par' dir='ltr' id='par_1_11' title="bbox 114 2574 1049 2819">
     <span class='ocr_line' id='line_1_29' title="bbox 181 2574 1048 2659; baseline 0.001 -22"><span class='ocrx_word' id='word_1_179' title='bbox 181 2585 201 2611; x_wconf 80' lang='lat'>‘⁴</span> <span class='ocrx_word' id='word_1_180' title='bbox 214 2577 269 2647; x_wconf 85' lang='lat' dir='ltr'>Ut,</span> <span class='ocrx_word' id='word_1_181' title='bbox 288 2575 489 2636; x_wconf 80' lang='lat' dir='ltr'>&#39;siDominus</span> <span class='ocrx_word' id='word_1_182' title='bbox 515 2574 569 2635; x_wconf 90' lang='lat' dir='ltr'>sibi</span> <span class='ocrx_word' id='word_1_183' title='bbox 597 2576 725 2636; x_wconf 86' lang='lat' dir='ltr'>salutem</span> <span class='ocrx_word' id='word_1_184' title='bbox 750 2577 884 2657; x_wconf 88' lang='lat' dir='ltr'>corporis</span> <span class='ocrx_word' id='word_1_185' title='bbox 908 2588 1048 2659; x_wconf 59' lang='lat' dir='ltr'>praestare</span> 
     </span>
     <span class='ocr_line' id='line_1_30' title="bbox 114 2655 1049 2739; baseline 0.002 -21"><span class='ocrx_word' id='word_1_186' title='bbox 114 2666 119 2675; x_wconf 96' lang='grc'><strong>’</strong></span> <span class='ocrx_word' id='word_1_187' title='bbox 142 2665 162 2690; x_wconf 91' lang='lat'>“</span> <span class='ocrx_word' id='word_1_188' title='bbox 175 2657 355 2739; x_wconf 85' lang='lat' dir='ltr'>dignabitur,</span> <span class='ocrx_word' id='word_1_189' title='bbox 378 2661 526 2738; x_wconf 83' lang='lat' dir='ltr'>proponat</span> <span class='ocrx_word' id='word_1_190' title='bbox 549 2655 587 2716; x_wconf 91' lang='lat' dir='ltr'>de</span> <span class='ocrx_word' id='word_1_191' title='bbox 611 2662 711 2716; x_wconf 87' lang='lat' dir='ltr'>cetero</span> <span class='ocrx_word' id='word_1_192' title='bbox 735 2664 789 2737; x_wconf 87' lang='lat' dir='ltr'>pro</span> <span class='ocrx_word' id='word_1_193' title='bbox 809 2657 923 2719; x_wconf 90' lang='lat' dir='ltr'>viribus</span> <span class='ocrx_word' id='word_1_194' title='bbox 940 2662 1049 2722; x_wconf 69' lang='lat' dir='ltr'>,suisa</span> 
     </span>
     <span class='ocr_line' id='line_1_31' title="bbox 141 2737 902 2819; baseline 0.001 -22"><span class='ocrx_word' id='word_1_195' title='bbox 141 2738 307 2819; x_wconf 89' lang='lat' dir='ltr'>“peccatis</span> <span class='ocrx_word' id='word_1_196' title='bbox 329 2750 447 2808; x_wconf 83' lang='lat' dir='ltr'>cavere,</span> <span class='ocrx_word' id='word_1_197' title='bbox 462 2745 493 2798; x_wconf 89' lang='lat' dir='ltr'>et</span> <span class='ocrx_word' id='word_1_198' title='bbox 513 2737 578 2816; x_wconf 85' lang='lat' dir='ltr'>ejus</span> <span class='ocrx_word' id='word_1_199' title='bbox 591 2737 734 2798; x_wconf 87' lang='lat' dir='ltr'>mandata</span> <span class='ocrx_word' id='word_1_200' title='bbox 748 2740 902 2799; x_wconf 84' lang='lat' dir='ltr'>servare.”</span> 
     </span>
    </p>
   </div>
   <div class='ocr_carea' id='block_1_3' title="bbox 140 2842 1049 3006">
    <p class='ocr_par' dir='ltr' id='par_1_12' title="bbox 140 2842 1049 3006">
     <span class='ocr_line' id='line_1_32' title="bbox 180 2842 1049 2926; baseline 0.005 -24"><span class='ocrx_word' id='word_1_201' title='bbox 180 2842 328 2906; x_wconf 86' lang='lat' dir='ltr'>Hortetur</span> <span class='ocrx_word' id='word_1_202' title='bbox 346 2846 505 2926; x_wconf 74' lang='lat' dir='ltr'>praeterest,</span> <span class='ocrx_word' id='word_1_203' title='bbox 520 2848 555 2903; x_wconf 90' lang='lat' dir='ltr'>ut</span> <span class='ocrx_word' id='word_1_204' title='bbox 574 2863 609 2903; x_wconf 93' lang='lat' dir='ltr'>eo</span> <span class='ocrx_word' id='word_1_205' title='bbox 623 2843 722 2914; x_wconf 91' lang='lat' dir='ltr'>modo,</span> <span class='ocrx_word' id='word_1_206' title='bbox 737 2854 797 2924; x_wconf 86' lang='lat' dir='ltr'>quo</span> <span class='ocrx_word' id='word_1_207' title='bbox 817 2851 926 2926; x_wconf 90' lang='lat' dir='ltr'>potest,</span> <span class='ocrx_word' id='word_1_208' title='bbox 944 2848 1049 2909; x_wconf 87' lang='lat' dir='ltr'>saltem</span> 
     </span>
     <span class='ocr_line' id='line_1_33' title="bbox 140 2924 753 3006; baseline 0.002 -24"><span class='ocrx_word' id='word_1_209' title='bbox 140 2941 178 2982; x_wconf 82' lang='lat' dir='ltr'>ex</span> <span class='ocrx_word' id='word_1_210' title='bbox 192 2925 282 2985; x_wconf 87' lang='lat' dir='ltr'>corde</span> <span class='ocrx_word' id='word_1_211' title='bbox 296 2925 339 2987; x_wconf 89' lang='lat' dir='ltr'>ita</span> <span class='ocrx_word' id='word_1_212' title='bbox 352 2947 407 3006; x_wconf 91' lang='lat' dir='ltr'>per</span> <span class='ocrx_word' id='word_1_213' title='bbox 420 2924 581 2997; x_wconf 83' lang='lat' dir='ltr'>intervalla</span> <span class='ocrx_word' id='word_1_214' title='bbox 594 2930 753 3005; x_wconf 84' lang='lat' dir='ltr'>precetur:</span> 
     </span>
    </p>
   </div>
   <div class='ocr_carea' id='block_1_4' title="bbox 70 3016 1049 3516">
    <p class='ocr_par' dir='ltr' id='par_1_13' title="bbox 140 3016 1048 3207">
     <span class='ocr_line' id='line_1_34' title="bbox 179 3016 1048 3111; baseline 0.006 -22"><span class='ocrx_word' id='word_1_215' title='bbox 179 3027 328 3091; x_wconf 83' lang='lat' dir='ltr'>Miserere</span> <span class='ocrx_word' id='word_1_216' title='bbox 348 3031 411 3090; x_wconf 84' lang='lat' dir='ltr'>met</span> <span class='ocrx_word' id='word_1_217' title='bbox 430 3028 514 3090; x_wconf 88' lang='lat' dir='ltr'>Deus</span> <span class='ocrx_word' id='word_1_218' title='bbox 535 3016 701 3092; x_wconf 81' lang='lat' dir='ltr'>sec&#39;undirm</span> <span class='ocrx_word' id='word_1_219' title='bbox 722 3049 859 3111; x_wconf 83' lang='lat' dir='ltr'>maguam</span> <span class='ocrx_word' id='word_1_220' title='bbox 878 3031 1048 3094; x_wconf 90' lang='lat' dir='ltr'>misericor·</span> 
     </span>
     <span class='ocr_line' id='line_1_35' title="bbox 140 3132 701 3207; baseline 0.002 -13"><span class='ocrx_word' id='word_1_221' title='bbox 140 3132 221 3194; x_wconf 86' lang='lat' dir='ltr'>diam</span> <span class='ocrx_word' id='word_1_222' title='bbox 234 3140 327 3196; x_wconf 87' lang='lat' dir='ltr'>tuam.</span> <span class='ocrx_word' id='word_1_223' title='bbox 367 3151 369 3154; x_wconf 53' lang='lat'><em>⁴</em></span> <span class='ocrx_word' id='word_1_224' title='bbox 699 3203 701 3207; x_wconf 46' lang='grc'><strong>,</strong></span> 
     </span>
    </p>

    <p class='ocr_par' dir='ltr' id='par_1_14' title="bbox 70 3236 1049 3516">
     <span class='ocr_line' id='line_1_36' title="bbox 181 3236 1049 3320; baseline 0.003 -20"><span class='ocrx_word' id='word_1_225' title='bbox 181 3239 220 3300; x_wconf 91' lang='lat' dir='ltr'>In</span> <span class='ocrx_word' id='word_1_226' title='bbox 241 3246 273 3301; x_wconf 91' lang='lat' dir='ltr'>te</span> <span class='ocrx_word' id='word_1_227' title='bbox 287 3238 416 3299; x_wconf 89' lang='lat' dir='ltr'>Domine</span> <span class='ocrx_word' id='word_1_228' title='bbox 435 3236 562 3320; x_wconf 88' lang='lat' dir='ltr'>speravi,</span> <span class='ocrx_word' id='word_1_229' title='bbox 577 3255 638 3297; x_wconf 93' lang='lat' dir='ltr'>non</span> <span class='ocrx_word' id='word_1_230' title='bbox 657 3239 826 3303; x_wconf 87' lang='lat' dir='ltr'>confundar</span> <span class='ocrx_word' id='word_1_231' title='bbox 845 3241 878 3302; x_wconf 91' lang='lat' dir='ltr'>in</span> <span class='ocrx_word' id='word_1_232' title='bbox 892 3249 1049 3305; x_wconf 83' lang='lat' dir='ltr'>aeternum.</span> 
     </span>
     <span class='ocr_line' id='line_1_37' title="bbox 70 3342 1049 3428; baseline 0.007 -25"><span class='ocrx_word' id='word_1_233' title='bbox 70 3369 72 3373; x_wconf 43' lang='lat'><strong>¹</strong></span> <span class='ocrx_word' id='word_1_234' title='bbox 179 3343 217 3405; x_wconf 91' lang='lat' dir='ltr'>In</span> <span class='ocrx_word' id='word_1_235' title='bbox 234 3364 341 3405; x_wconf 85' lang='lat' dir='ltr'>manus</span> <span class='ocrx_word' id='word_1_236' title='bbox 355 3350 423 3405; x_wconf 88' lang='lat' dir='ltr'>tuas</span> <span class='ocrx_word' id='word_1_237' title='bbox 443 3342 571 3404; x_wconf 90' lang='lat' dir='ltr'>Domine</span> <span class='ocrx_word' id='word_1_238' title='bbox 586 3346 763 3408; x_wconf 91' lang='lat' dir='ltr'>commendo</span> <span class='ocrx_word' id='word_1_239' title='bbox 777 3347 916 3428; x_wconf 87' lang='lat' dir='ltr'>spiritum</span> <span class='ocrx_word' id='word_1_240' title='bbox 930 3368 1030 3412; x_wconf 90' lang='lat' dir='ltr'>meum</span> <span class='ocrx_word' id='word_1_241' title='bbox 1039 3370 1049 3421; x_wconf 90' lang='lat'>;</span> 
     </span>
     <span class='ocr_line' id='line_1_38' title="bbox 139 3447 769 3516; baseline 0.006 -7"><span class='ocrx_word' id='word_1_242' title='bbox 139 3447 295 3513; x_wconf 87' lang='lat' dir='ltr'>redemisti</span> <span class='ocrx_word' id='word_1_243' title='bbox 314 3467 362 3512; x_wconf 88' lang='lat' dir='ltr'>me</span> <span class='ocrx_word' id='word_1_244' title='bbox 376 3448 505 3512; x_wconf 88' lang='lat' dir='ltr'>Domine</span> <span class='ocrx_word' id='word_1_245' title='bbox 525 3449 609 3512; x_wconf 87' lang='lat' dir='ltr'>Deus</span> <span class='ocrx_word' id='word_1_246' title='bbox 622 3451 769 3516; x_wconf 85' lang='lat' dir='ltr'>veritatis.</span> 
     </span>
    </p>
   </div>
   <div class='ocr_carea' id='block_1_5' title="bbox 0 0 1108 4004">
    <p class='ocr_par' dir='ltr' id='par_1_15' title="bbox 0 0 1108 4004">
     <span class='ocr_line' id='line_1_39' title="bbox 0 0 1108 4004; baseline 0 0"><span class='ocrx_word' id='word_1_247' title='bbox 0 0 1108 4004; x_wconf 95' lang='lat' dir='ltr'> </span> 
     </span>
    </p>
   </div>
  </div>
 </body>
</html>
