2206 4004
116 310 155 365 80
287 316 293 329 '
356 323 394 364 nr
416 323 615 365 succensura
637 322 790 366 normam.

510 526 634 569 OREMUS.

64 658 70 669 ’
190 658 269 721 CUS
295 661 420 719 Patrum
443 666 626 728 nostrorum,
649 659 731 719 Deus
750 658 898 720 univecsae
922 653 1009 719 condi·

209 770 257 826 tor
285 763 433 835 veritatis,
461 772 492 825 te
519 764 672 846 supplices
701 743 858 825 exoramus
886 771 921 825 ut
945 764 1010 823 huuc

94 916 97 923 .
112 870 260 931 famulum
279 878 365 932 tuum
379 871 422 930 N.
436 869 592 951 respicere¹
601 868 734 951 digneris
749 869 908 951 propitius,
922 876 957 930 ut
968 869 1012 928 hoc

113 976 255 1057 pabulum
267 975 339 1035 salis
351 981 522 1055 gustantem
535 994 595 1035 uon
607 973 720 1036 diutius
732 976 846 1036 esurire
858 974 1013 1056 permittas,

91 1107 93 1113 ¹
113 1080 174 1159 quo
189 1079 285 1140 mimis
300 1080 366 1141 cibo
380 1080 537 1162 expleatur
549 1079 678 1150 coelesti,
691 1079 840 1160 quateuirs
854 1081 897 1141 sit
910 1097 1015 1160 semper

114 1185 222 1268 spiritu
238 1186 370 1256 fervens,
386 1205 439 1266 spe
459 1185 606 1264 gaudeus,
621 1194 673 1247 tuo
688 1205 806 1265 semper
828 1184 943 1245 uomini
963 1203 1015 1246 ser·

113 1292 211 1362 vieus,
225 1298 257 1352 et
271 1311 362 1371 quem
376 1291 415 1351 ad
433 1311 517 1351 uovae
532 1289 769 1372 regenerationis
783 1292 939 1351 lavacrum
959 1309 1017 1371 per-

113 1396 237 1466 duxisti,
263 1416 446 1475 quaesumus,
472 1396 612 1466 Domine,
638 1402 673 1457 ut
700 1416 769 1456 cum
795 1395 937 1457 fidelibus
966 1393 1018 1455 tuis

113 1500 344 1582 promissionum
360 1506 480 1561 tuarum
496 1507 608 1561 aeterna
629 1501 751 1582 praemia
765 1502 912 1582 consequi
929 1520 1019 1560 mere·

113 1613 192 1668 atur.
212 1605 272 1666 Per
287 1604 443 1666 Christum
457 1605 619 1666 Dominum
636 1613 783 1666 nostrum.
803 1589 843 1676 Β).
864 1607 974 1666 Amen.

152 1711 230 1770 Post
251 1709 313 1771 haec
330 1708 419 1792 facto
443 1708 530 1788 signo
559 1708 662 1770 Crucis
688 1711 723 1770 in
739 1708 846 1792 fronte
873 1708 1019 1789 baptizati,

113 1816 257 1896 dictisque
278 1815 342 1875 illio
361 1815 479 1876 verbio.-

152 1925 194 1983 ut
220 1923 275 1983 hoc
304 1923 423 2004 signum
451 1921 572 1991 Crucis,
596 1925 630 1996 {t
651 1920 732 1998 quod
761 1940 816 1980 uos
843 1918 938 1980 fronti
963 1920 1021 1999 ejus

113 2027 230 2097 damus,
245 2035 277 2089 tu
293 2027 455 2087 maledicte
469 2027 588 2087 diabole
603 2034 767 2105 numquam
780 2026 892 2086 audeas
904 2025 1022 2086 violare.

113 2131 172 2192 Per
184 2129 322 2190 eumdem
338 2130 494 2191 Christum
510 2110 673 2190 Dominum
687 2136 834 2191 nostrum.
855 2121 894 2210 Β).
916 2131 1021 2190 Amen.

112 2234 211 2296 Manu
225 2252 310 2313 super
325 2237 413 2313 caput
427 2235 491 2314 ejus
504 2234 648 2311 imposita,
664 2235 755 2295 dicit:
838 2238 852 2287 .’

507 2408 635 2453 OREMUS.

210 2543 397 2604 TERNAM
410 2563 445 2603 ac
456 2542 657 2622 justissimam
668 2545 811 2625 pietatem
823 2550 908 2605 tuam
920 2545 1021 2626 depre-

229 2649 436 2721 cor,‚Dumine
457 2652 679 2721 sancte,'Pater
699 2651 900 2732 omnipotens,
916 2657 1023 2712 aeterne

111 2756 207 2828 Deus,
219 2762 324 2818 auctor
338 2755 461 2817 luminis
475 2761 507 2816 et
520 2755 668 2827 veritatis,
681 2776 771 2836 super
785 2743 864 2817 hunc
879 2757 1023 2817 famulum

111 2869 199 2937 tuum
219 2863 262 2922 N.
276 2867 311 2922 ut
332 2861 466 2949 digneris
487 2881 556 2922 eum
575 2841 750 2923 illuminare
773 2862 888 2924 lumine
910 2861 1023 2923 iutelli-

110 2967 221 3048 gentiae
242 2972 320 3028 tuae:
342 2968 455 3028 munda
475 2988 554 3037 eum,
570 2975 602 3029 et
616 2956 795 3029 sanctifica:
818 2968 906 3029 daei
927 2969 1024 3031 scieu-

110 3071 185 3132 tiam
205 3090 318 3140 veram,
340 3077 375 3133 ut
399 3072 508 3152 dignus
531 3071 572 3133 sit
595 3072 656 3134 frui
678 3073 775 3155 gratie
797 3075 947 3156 Baptismi
970 3075 1024 3144 tui,

112 3196 203 3255 quem
224 3175 375 3256 suscepit:
401 3183 504 3239 teneat
523 3177 639 3238 firmam
660 3198 755 3260 spem,
777 3180 938 3256 consilium
958 3201 1023 3242 rec·

110 3292 188 3352 tum,
202 3281 371 3343 doctrinam
393 3290 539 3354 sanctam,
557 3289 592 3345 ut
611 3292 699 3366 aptus
714 3285 755 3347 sit
774 3286 812 3347 ad
834 3286 1024 3347 retinendam

111 3386 238 3468 gratiam
259 3386 406 3467 Baptismi
427 3389 483 3452 tui.
504 3389 564 3451 Per
589 3388 744 3455 Christum
768 3391 932 3454 Dominum
954 3411 1023 3454 uos·

111 3499 203 3556 trum.
225 3471 264 3562 Β).
285 3493 394 3554 Amen.
