2234 4006
157 261 215 319 186
415 278 602 319 nunmomo
623 276 818 317 eunomio.

506 444 695 529 wa·
950 518 956 529 -
1047 470 1079 553 o

241 616 388 678 AGNUS
410 617 571 691 Dominus,
585 622 619 681 et
636 616 801 679 laudabilis
815 614 910 679 nimio
923 622 943 657 '³
955 614 989 677 iu
1000 612 1060 677 oiri·

260 728 323 784 ute
338 721 398 783 Dei
411 723 520 795 nostri,
534 723 568 784 in
581 730 684 785 monte
698 727 805 785 sancto
820 721 900 802 ejus.

195 828 355 889 Fundetur
375 828 564 890 exultatione
577 829 727 890 universo
747 833 837 889 terre
852 846 942 889 mons
963 826 1061 897 Siou,‘

155 931 254 992 latero
267 928 445 1010 Aquilonis,
459 927 568 991 civitae
582 930 677 1013 Regio
691 926 805 1013 magni.

194 1035 279 1097 Deus
300 1034 333 1096 in
346 1032 486 1097 domibus
501 1036 568 1116 ejuo
583 1038 796 1119 eognoooetur,
809 1036 829 1075 ¹*
843 1032 917 1097 oum
930 1054 954 1115 o¹
1000 1030 1009 1047 “
1028 1029 1036 1045 ’
1061 1032 1064 1037 ’

159 1155 236 1197 eom.
597 1184 601 1191 .

198 1235 350 1311 Quoniam
370 1253 444 1297 ecoe
463 1254 550 1317 rogeo
569 1238 660 1297 terre
681 1232 858 1321 cougregati
878 1235 995 1307 eunt*
1006 1250 1063 1295 om·

158 1341 311 1397 venerunt
328 1334 361 1395 iu
375 1354 480 1395 unum.
897 1358 901 1363 ·

198 1440 263 1521 lpoi
288 1440 429 1502 videntes
454 1439 499 1501 oio
525 1439 666 1503 admirati
691 1445 775 1513 eunt.
798 1439 976 1503 conturbati
997 1445 1065 1507 eunt,

158 1537 301 1629 commoti
317 1544 409 1601 eunt:
424 1543 442 1578 ¹*
455 1546 570 1600 tremor
582 1532 785 1623 apprehendit
796 1558 862 1601 ooo.

199 1643 246 1706 Ibi
268 1643 389 1705 dolores
410 1648 446 1705 ut
464 1644 682 1724 parturientiot
697 1649 715 1685 ¹
730 1644 763 1707 in
784 1644 897 1727 spiritu
909 1642 1070 1719 vehementi

159 1757 299 1814 conteres
314 1769 407 1811 novoe
423 1749 560 1811 Themis.

201 1855 289 1918 Sicut
313 1854 496 1926 audivimus,
522 1855 567 1917 oio
590 1852 725 1917 vidimus
748 1855 782 1916 in
806 1853 936 1917 oivitote
961 1850 1072 1917 Domini

1101 1696 1108 1777 t

42 2004 47 2015 .
158 1961 318 2033 virtutum,
332 1961 365 2021 in
379 1960 504 2023 civitate
523 1960 583 2023 Dei
596 1960 713 2023 nostri:
730 1960 846 2023 'Deus
859 1960 1007 2023 fundavit
1017 1977 1073 2020 eom
1105 1994 1108 2023 t

157 2066 193 2128 in
206 2074 367 2129 oeternum.

199 2172 398 2252 Suscepimus
419 2172 503 2233 Deus
524 2169 765 2233 misericordium
784 2174 886 2245 tunm.
898 2175 915 2210 ¹*
928 2171 965 2233 in
984 2168 1074 2231 medio

159 2275 268 2357 templi
282 2275 340 2336 tui.

201 2379 376 2442 Secundum
398 2400 508 2442 nomen
530 2387 629 2454 tuum,
649 2382 748 2454 Deus,
769 2381 814 2443 oio
835 2386 870 2444 et
888 2381 959 2444 ioue
981 2389 1031 2444 tuo
1048 2379 1075 2439 in

160 2487 237 2548 fineo
252 2492 360 2548 terre:
375 2472 398 2526 *¹
404 2485 528 2565 justitio
540 2486 633 2568 piene
646 2495 695 2550 eet
708 2488 835 2550 dextero
847 2492 913 2549 tuo.

201 2594 341 2655 Laetetor
354 2610 442 2653 mono
459 2591 544 2663 Sion,
559 2598 591 2654 et
604 2593 746 2656 exultent
761 2592 833 2655 filie
845 2593 864 2653 J
867 2593 951 2664 udae,
966 2596 983 2633 t
997 2612 1076 2674 prop·

161 2707 209 2761 ter
225 2698 344 2780 judicio
357 2703 421 2769 tua,
438 2698 580 2761 Domine.

202 2804 401 2866 circumdate
420 2804 507 2881 Sion,
519 2810 553 2867 ot
573 2803 812 2889 complectimini
832 2824 918 2866 eom:
934 2808 953 2845 *
968 2808 1078 2866 narrate

161 2910 194 2969 in
214 2910 351 2972 turribus
370 2911 447 2991 ejus.
1051 2886 1064 2927 θ

202 3015 311 3077 Ponite
326 3014 419 3078 eorde
432 3023 535 3078 vestro
548 3017 581 3078 in
595 3017 712 3093 virtute
725 3017 811 3097 ejus:
826 3020 844 3055 ¹*
857 3022 889 3077 et
911 3013 1082 3079 distribuite

162 3114 266 3176 domos
281 3116 359 3195 ejus,
373 3123 409 3176 ut
422 3117 570 3178 enarretis
586 3118 618 3179 in
632 3117 777 3201 progenie
791 3116 900 3180 alteru.

202 3219 350 3297 Quoniam
366 3219 415 3280 hic
430 3227 478 3282 est
499 3225 595 3295 Deus,
609 3224 695 3285 Deu'e
708 3229 813 3286 noster
833 3221 866 3283 iu
881 3227 1045 3294 eternum,
1057 3226 1085 3282 et

161 3326 194 3389 in
209 3326 356 3395 oaeculum
371 3327 494 3388 seculi:
509 3331 527 3367 ¹
541 3329 607 3410 ipso
621 3335 707 3412 reget
720 3349 776 3392 noo
796 3328 830 3390 in
844 3328 970 3391 secula.

206 3433 312 3496 Gloria
326 3430 424 3505 Patri,
438 3439 499 3495 eto.
