2234 4006
159 269 198 339 58
299 283 339 325 nr
360 282 560 325 sacrararum
581 282 737 337 amulas
758 282 933 329 enarrans

155 424 345 496 demonum3
365 423 468 487 adsint
481 424 594 508 Angeli
609 425 704 507 pacis,
719 425 903 505 domumque
923 424 1003 487 hauc
1019 425 1068 486 de·

121 593 123 597 ,
156 537 239 593 serat
257 530 354 591 omnis
374 529 505 612 maligna
527 530 690 593 discordia.
730 530 908 612 Magnifica,
931 529 1066 600 Domine,

157 640 248 718 super
258 656 313 697 nos
324 655 434 697 nomen
449 643 586 699 sanctum
602 643 705 708 tuum3
727 643 759 698 et
772 636 898 698 benedic
915 642 951 715 ᾖ
961 641 1068 697 nostre

157 742 397 823 conversationi:
426 743 720 825 sanctiticaunostrae
747 742 929 805 humilitatis
956 743 1068 824 ingres-

158 867 236 918 sum,
251 848 304 927 qui
325 854 448 909 sanctus
463 855 495 910 et
514 849 582 930 pius
601 869 643 920 es,
660 855 691 910 et
710 868 869 929 permanes
890 862 962 910 cnm
982 849 1069 909 Patre

158 961 190 1016 et
204 954 318 1036 Spiritu
334 962 449 1026 sancto,
463 956 496 1015 in
511 956 622 1017 saecula
636 957 825 1023 seculorum.
866 956 979 1016 Arnen.

184 1060 337 1142 oremus,
359 1067 390 1122 et
410 1061 609 1142 deprecemur
628 1061 791 1122 Dominum
812 1065 948 1131 nostrum
970 1060 1070 1123 Jesuu

159 1166 325 1238 Christum,
340 1166 376 1229 ut
395 1167 603 1228 benedicendo
623 1166 786 1228 benedicat
803 1165 838 1237 >E
854 1165 912 1227 hoc
934 1167 1069 1227 taberne·

155 1275 273 1345 cuium,
288 1280 319 1335 et
332 1294 436 1335 omnes
449 1273 620 1335 habitantes
641 1273 673 1332 in
688 1294 734 1343 eo,
749 1279 781 1334 et
795 1272 848 1333 det
861 1272 906 1333 eis
921 1272 1071 1354 Angelum

158 1383 269 1442 bonum
284 1381 452 1452 custodem,
466 1387 499 1442 et
511 1380 605 1443 saciat
618 1401 669 1442 eos
683 1380 740 1441 sibi
754 1379 868 1441 servire
882 1379 922 1440 ad
938 1378 1072 1440 conside·
1113 1406 1115 1411 ·

159 1487 288 1547 randum
308 1486 456 1547 mimbilia
472 1486 511 1546 de
531 1487 599 1567 lege
621 1506 693 1546 sua:
714 1491 832 1546 avertat
852 1486 889 1545 ab
903 1477 952 1545 eis'
972 1501 1071 1545 omnes

160 1593 326 1655 contrarias
346 1597 529 1673 potestates:
551 1591 660 1672 eripiat
681 1611 731 1652 eos
746 1592 783 1652 ab
798 1589 880 1651 omni
894 1590 1072 1659 formidine,

160 1704 192 1759 et
204 1700 241 1760 ab
255 1698 335 1759 omni
351 1697 588 1780 perturbatione,
602 1717 637 1757 ac
654 1717 742 1758 sanos
762 1697 795 1757 in
808 1696 866 1758 hoo
877 1695 1071 1757 tabernaculo

159 1805 313 1866 custodire
334 1805 486 1886 dignetur.
527 1804 587 1879 Qui
601 1824 670 1865 curn
685 1803 776 1864 Patre
790 1807 822 1863 et
838 1802 954 1883 Spiritu
971 1806 1072 1863 sancto

158 1909 236 1971 vivit
249 1914 281 1969 et
293 1917 401 1993 regnat
421 1910 505 1970 Deus
518 1909 550 1969 in
565 1910 679 1971 saecula
693 1906 882 1968 saeculorum.
924 1905 1037 1965 Amen.
1068 1916 1071 1921 ⁴

553 2085 681 2128 damnus.

230 2216 368 2276 XAUDI
389 2238 455 2288 nos,
471 2216 601 2278 Domine
622 2223 738 2287 sancte,
760 2216 852 2277 Pater
872 2216 1073 2298 omnipotens,

250 2317 361 2383 aterne
375 2323 477 2384 Deus:
499 2327 530 2382 et
540 2321 662 2382 mittere
674 2321 808 2403 digneris
820 2327 961 2382 sanctum
974 2323 1073 2404 Ange·

158 2428 223 2502 lum
244 2434 329 2489 tuum
351 2429 388 2489 de
410 2427 507 2498 coelis,
529 2427 582 2507 qui
605 2427 767 2498 custodiat,
789 2427 902 2503 foveat,
923 2433 1074 2509 protegat,

158 2534 273 2606 visitet,
289 2539 381 2614 atque
395 2533 541 2596 defendat
560 2532 664 2594 omnes
677 2531 848 2594 habitantes
868 2532 901 2593 in
915 2533 974 2593 hoe
993 2531 1074 2594 habi·

157 2642 269 2703 taculo.
302 2641 362 2702 Per
376 2639 532 2701 Christum
546 2639 709 2700 Dominum
725 2645 873 2700 nostrum.
900 2617 939 2704 Id
964 2639 1073 2700 Amen.

205 2748 279 2822 Qua
304 2726 473 2818 Orationes,
494 2747 522 2805 si
544 2748 655 2825 tempus
673 2764 734 2805 aaa
752 2727 900 2824 patiatur,
922 2762 961 2803 ea
980 2751 1075 2824 parate,

157 2852 206 2914 ael
217 2854 251 2914 in
265 2858 359 2914 totum
366 2860 508 2934 poteraut
522 2850 632 2912 omitti.
665 2847 743 2910 Pam
757 2849 792 2910 de
806 2848 982 2930 moresacta
999 2849 1075 2908 Coa·

148 2957 282 3041 sessione
292 2959 438 3039 generali,
452 2958 564 3020 Latino
577 2957 627 3019 uel
639 2954 765 3036 uulgari
776 2972 913 3038 samone,
930 2952 1076 3014 Sacerdos

158 3064 258 3125 dicat:
280 3064 464 3124 Misereatur
484 3064 543 3133 tut,
559 3067 618 3122 etc.
640 3060 878 3143 Indulgentiam,
893 3065 955 3120 etc.

199 3163 367 3243 Antequam
383 3163 537 3224 Parasitus
556 3163 685 3243 incipiat
698 3166 809 3242 ungere
828 3162 996 3243 infimatum,
1011 3180 1074 3222 ma·

157 3273 227 3331 neat
251 3268 409 3338 adstantes,
429 3276 463 3328 ut
484 3287 541 3348 pro
565 3268 621 3328 tao
644 3271 747 3340 arants
776 3271 805 3328 et
825 3264 876 3327 aot
893 3267 1074 3329 commodum

147 3374 259 3458 fuerit,
277 3393 333 3454 pra
354 3373 416 3433 loca
434 3382 463 3434 et
484 3381 621 3453 tempore,
637 3382 665 3434 et
685 3362 868 3434 adstantium
887 3371 1074 3434 aamercort

157 3481 310 3562 qualitate,
331 3481 452 3542 recitent
476 3489 585 3563 septem
605 3479 742 3541 Psalmos
762 3478 987 3541 Poeaitmtiales
1009 3496 1074 3543 eam
