2234 4006
386 150 438 211 ,Ἰ

169 303 208 360 26
408 317 448 359 oa
469 316 669 358 moaanauro
689 316 841 361 anrrrsur.

152 462 292 531 ‚dicenst
313 456 431 539 Egeta
451 459 572 538 baptizo
591 459 624 517 to
642 459 758 518 nomine
778 457 894 528 Putria,
916 469 950 542 ff<
973 468 1026 520 etc.
1046 464 1079 520 ut

169 563 202 602 su
228 543 272 599 rd.
293 540 345 598 242

206 563 241 679 hi
265 639 325 678 non
351 618 494 679 habeatur
518 639 597 698 aqua
622 618 828 699 Baptismalis,
845 625 886 695 ¹et
909 620 1077 701 periculum

168 701 352 782 impendeat,
368 699 516 760 Sacerdos
537 706 640 758 utatur
660 718 740 779 aqua
760 699 902 781 simplici.

210 781 328 841 Deinde
349 780 374 840 si
399 780 507 840 habeat
530 779 679 846 Chrisma,
700 779 789 839 liniat
811 797 879 839 eum
901 780 932 839 in
954 779 1079 847 vertice,

170 863 293 921 dicens:
315 860 399 919 Deus
419 861 614 939 omnipoteoc,
638 861 727 919 Pater
747 859 875 920 Dourtui
893 861 993 920 austri
1013 859 1079 919 Jceu

174 942 296 1016 Christi,
312 945 364 999 etc.
375 946 415 1019 ut
432 942 535 1033 supra.
556 945 607 999 24.
957 1005 959 1009 ,

210 1023 321 1081 Postea
335 1022 389 1081 dat
409 1021 436 1080 ei
457 1021 616 1081 linteolum
638 1019 811 1089 candidum,
827 1020 953 1081 dicens:
976 1018 1081 1098 Accipe

169 1112 288 1170 vestem,
305 1105 357 1160 etc.
370 1108 406 1163 ut
420 1103 522 1182 supra.
544 1106 593 1159 25.

211 1185 257 1240 Ac
287 1181 405 1240 demum
434 1184 488 1242 dat
515 1181 542 1241 ei
574 1200 690 1241 ceream
719 1180 877 1240 candelam
913 1197 1080 1246 accensam,

128 1264 130 1269 '
170 1263 293 1322 dicens:
316 1261 424 1339 Accipe
450 1263 622 1341 lampadem,
643 1267 679 1320 ut
703 1263 805 1339 supra.
827 1268 877 1320 25.
920 1261 953 1319 Si
980 1279 1080 1339 super·

169 1342 291 1411 vixerit,
306 1343 504 1420 suppleantur
518 1341 570 1402 alii
586 1341 663 1401 ritus
678 1339 789 1400 omissi.

210 1423 404 1481 Admonendi
425 1429 497 1484 sunt
515 1424 714 1501 Susceptores
736 1420 774 1480 de
796 1420 948 1501 spirituali
974 1439 1081 1499 cogna-

169 1504 252 1563 tione
267 1523 357 1581 quam
372 1504 589 1563 contraxerunt
606 1522 674 1561 cum
688 1500 862 1581 Baptizato,
876 1499 1081 1581 baptizatique

124 1652 126 1657 ¹
170 1593 256 1664 patre
271 1591 302 1642 et
321 1590 416 1642 matre
426 1604 435 1654 3
456 1603 522 1662 quae
544 1582 681 1663 cognatio
701 1581 829 1662 impedit
848 1580 1080 1647 matrimonium,

172 1686 207 1726 ac
226 1663 351 1722 dirimit.

164 1778 168 1784 ·
212 1746 309 1805 Curet
328 1743 481 1804 Parochus
502 1749 643 1825 parentes
665 1742 790 1802 infantis
812 1741 979 1810 admoneri,
995 1760 1034 1800 ne
1053 1739 1080 1798 in

171 1828 252 1886 lecto
281 1845 384 1886 secum
411 1825 480 1906 ipsi,
509 1824 556 1885 rel
587 1823 721 1882 nutrices
755 1823 915 1903 parvulum
943 1821 1080 1888 habeant,

170 1914 293 1988 propter
313 1905 515 1987 oppressionis
537 1904 723 1985 periculum:
749 1902 802 1962 sed
829 1923 897 1962 eum
922 1901 1081 1981 diligenter

173 1986 356 2055 custodiant,
371 1993 403 2046 et
422 1985 589 2067 opportune
608 1985 646 2045 ad
669 1983 872 2043 Christianam
892 1981 1080 2062 disciplinam

172 2067 344 2126 instituant.

213 2144 432 2205 Commonendi
453 2151 525 2204 sunt
544 2144 634 2203 etiam
655 2150 807 2223 parentes,
827 2143 943 2210 etalii,
965 2143 992 2201 si
1012 2160 1080 2222 opus

174 2227 276 2294 fuerit,
291 2243 330 2284 ue
344 2221 423 2282 filios
438 2223 586 2292 Hebraeis,
601 2223 707 2283 aliisve
721 2223 906 2293 infidelibus,
922 2223 980 2281 vel·
994 2222 1078 2282 haere·

173 2306 243 2366 ticis
265 2302 441 2363 mulieribus
463 2303 527 2363 ullo
548 2303 635 2363 modo
655 2303 813 2364 lactandos
830 2303 888 2365 ¹aut
907 2302 1079 2383 nutriendos

174 2386 306 2446 tradant.

215 2469 389 2543 Antequam
409 2463 509 2523 infans
524 2483 561 2524 ex
580 2463 721 2524 Ecclesia
741 2468 923 2544 asportetur,
937 2470 992 2523 aut
1013 2463 1076 2522 Sus·

125 2612 132 2619 ,
175 2553 317 2628 captores
327 2543 496 2614 discedant,
506 2565 608 2604 eorum
624 2545 755 2613 nomina,
771 2544 876 2604 etalio
889 2545 927 2603 de
942 2540 1076 2604 adminis·
1105 2539 1117 2616 1

123 2622 131 2631 ’
145 2645 148 2651 ·
174 2634 253 2688 trato
267 2626 424 2708 Baptismo
438 2625 476 2685 ad
498 2624 707 2706 praescriptam
721 2624 846 2685 sormam
860 2624 892 2684 in
907 2617 1076 2704 Baptismali
1104 2623 1117 2775 p

174 2708 251 2769 libro
266 2707 418 2783 Parochus
433 2706 573 2767 accurate
588 2705 749 2766 describat.
