2234 4006
285 274 326 317 nn
346 273 546 316 ssonsunuro
568 276 790 319 nocnssusrun.
949 240 989 319 45'

122 417 238 479 Deinde
264 417 305 477 ad
331 414 437 475 Altore
469 435 499 476 se
523 419 676 490 conuertit,
700 420 878 500 genuflectit,
905 438 990 479 mauu

79 527 206 587 sinistra
222 525 366 607 pyxidem
379 525 549 609 prehendit,
571 533 598 585 et
619 527 727 586 duobus
746 526 864 606 digitis,
881 525 990 606 pollice

79 639 108 691 et
128 633 234 703 iudice,
256 631 478 695 Sacramentum
492 633 605 712 aceepit,
622 641 649 693 et
666 632 768 703 elevat,
783 651 990 710 conversimque

79 739 121 797 ad
138 736 280 816 populum
304 739 337 799 in
358 741 454 800 medio
475 739 578 798 Alteri
597 739 673 798 dicit
693 737 776 799 claro
795 757 884 798 uoces
909 738 991 798 Ecce

80 844 191 924 Agnus
205 843 275 914 Dei,
290 864 361 905 ecce
375 846 428 924 qui
442 845 524 907 tollit
536 851 661 926 peccata
675 844 789 904 mundi.
828 842 905 904 Mea
925 843 989 901 steb-

79 948 147 1008 dit.-
170 949 297 1010 Domine
318 970 379 1011 non
400 971 465 1011 sum
486 951 606 1032 dignus,
627 956 662 1011 ut
682 951 777 1011 intres
798 952 853 1010 sub
876 954 991 1010 tectum

79 1074 192 1124 meum,
205 1055 259 1115 sed
273 1054 389 1116 tantum
403 1056 453 1117 dic
467 1059 569 1127 verbo,
582 1063 613 1117 et
627 1056 781 1118 sanabitur
795 1055 894 1116 anima
907 1073 992 1124 meu3

79 1161 157 1237 quod
184 1160 294 1220 iterum
322 1181 355 1221 oe
383 1163 470 1221 tertii
497 1163 619 1242 repetit:
653 1181 710 1240 quo
733 1158 871 1241 formula
901 1160 992 1220 etiam

79 1265 220 1324 utendum
240 1273 292 1336 est,
312 1271 381 1326 cum
392 1267 514 1348 semiuse
532 1266 697 1327 Communia
717 1264 913 1327 ministratur.

122 1371 231 1429 Posteri
252 1371 292 1430 ad
312 1373 579 1432 communicandum
600 1373 722 1442 aceedit,
736 1370 879 1451 incipieus
895 1371 932 1432 ab
953 1371 993 1431 iis
1040 1380 1043 1387 '

79 1477 131 1555 qui
149 1476 277 1535 nemrod
289 1482 404 1554 portem
419 1476 583 1557 Epistolee3
606 1478 658 1538 sed
671 1477 785 1557 primo,
799 1476 992 1551 siSaeerdo·

79 1582 169 1652 tibus,
188 1582 236 1641 uel
256 1582 325 1641 aliis
347 1601 383 1643 erc
400 1583 486 1642 Clero
507 1584 608 1644 danda
627 1585 668 1644 sit
688 1583 873 1654 Communia,
893 1583 934 1642 iis
953 1582 994 1641 ud

79 1686 195 1766 gradm
208 1687 326 1746 Altaris
345 1690 510 1769 genuflexis
524 1691 710 1768 praebeatur:
732 1690 780 1749 uei
799 1688 993 1770 sicommpdi

78 1792 148 1871 fieri
163 1794 275 1871 potest,
286 1793 367 1852 intra
386 1795 573 1873 sepimentum
586 1795 704 1854 ¹ditaris
718 1795 778 1854 sint
796 1795 817 1850 ᾰ
832 1793 917 1850 luicis
931 1791 991 1850 dis·

79 1897 181 1975 tiueti,
200 1968 203 1973 ,
217 1896 387 1959 Sacerdotes
401 1905 470 1959 uero
485 1920 550 1959 cum
564 1900 641 1959 stolo
659 1898 881 1958 communicent.
919 1895 934 1979 ζ

123 2000 268 2063 Sacerdos
289 2003 442 2082 unicuique
456 2005 618 2081 porrigens
641 2005 871 2070 Sacramentum,
894 2008 921 2059 et
935 1999 991 2081 fo·

81 2105 162 2165 eierm
175 2125 245 2165 cum
260 2125 290 2165 eo
305 2107 426 2185 signum
440 2107 542 2166 caeeis
556 2126 640 2186 super
646 2107 783 2190 ppuiden
797 2105 886 2166 simul
898 2106 991 2166 dicit:

80 2210 201 2292 Corpus
222 2210 344 2270 Domini
364 2213 460 2273 nostri
473 2213 543 2274 lesu
564 2212 678 2274 Christi
700 2212 851 2274 custodiat
863 2211 992 2274 animam

81 2322 165 2377 tuam
178 2317 211 2377 in
224 2316 318 2378 vitam
332 2326 487 2378 aeternam.
528 2321 638 2380 Amen.

124 2415 187 2477 Ubi
201 2423 271 2477 vero
284 2437 384 2478 omnes
402 2421 686 2491 communicaverint,
704 2419 845 2480 Sacerdos
863 2436 993 2479 reversim

84 2521 122 2581 od
134 2520 243 2581 ditare
257 2522 351 2583 dicere
364 2526 496 2611 poterit:
518 2526 674 2586 Osacrum
689 2524 870 2594 convivium,
883 2523 915 2583 in
930 2542 991 2600 quo

87 2627 223 2689 Christus
248 2629 387 2700 sumitur,
409 2631 553 2692 recolitur
574 2631 717 2691 memoria
741 2628 888 2712 passionis
912 2627 997 2705 ejus,

88 2752 168 2793 mens
187 2733 332 2815 impletur
350 2736 457 2817 gratia,
473 2743 504 2798 et
523 2739 632 2798 futurae
651 2723 755 2817 gloriae
775 2733 861 2795 nobis
881 2732 989 2814 pignus

90 2837 181 2899 ditur.
223 2824 263 2904 d
285 2840 396 2902 Panem
410 2842 449 2903 de
465 2843 538 2904 calo
551 2841 719 2923 praestitisti
739 2841 794 2901 eis.
899 2856 903 2863 ’

124 2944 266 3006 Minister
291 2949 462 3027 respondet:
495 2948 591 3009 Omne
618 2948 871 3009 delectamentum
897 2946 929 3006 in
957 2966 990 3006 se

95 3040 253 3107 habentem.

130 3148 269 3231 Tempore
283 3152 424 3214 Paschali
436 3154 577 3216 additur:
599 3155 744 3219 Alleluia.

128 3252 198 3317 Mau
214 3257 354 3317 Sacerdos
369 3258 462 3319 dicit.-
483 3251 524 3330 ᾖ.
544 3261 673 3323 Domine
695 3263 803 3324 exaudi
825 3261 988 3325 orationem

101 3370 190 3421 neam.
209 3349 249 3438 Β)
270 3364 312 3425 Et
326 3364 439 3425 clamor
451 3386 536 3429 meus
550 3369 588 3430 ad
602 3376 633 3432 te
646 3368 758 3431 veniat.

131 3448 166 3526 d·
186 3461 334 3523 Dominus
348 3464 513 3526 vobiscum.

131 3544 164 3635 ll·
182 3561 224 3625 ut
237 3582 306 3624 cum
323 3562 429 3645 spiritu
444 3570 505 3627 tuo.
