2234 4006
381 326 419 367 an
439 324 725 367 nnunnmrmnmus.
948 311 1007 368 127
1033 310 1038 321 '

95 468 129 528 in
151 486 240 528 usum
259 465 432 539 ministerii,
454 473 485 528 et
509 466 697 529 tabernaculi
721 464 863 527 soederisa
887 467 963 526 bene
979 463 1014 534 >It

96 573 212 644 dicere,
227 572 325 633 sancti
337 568 372 640 ›1‹
382 570 485 643 ficare,
501 580 532 633 et
552 592 644 633 conse
655 574 690 646 ἦ
700 592 786 632 crare
801 551 935 651 digneris
951 569 1013 630 bac

95 676 276 740 linteamina
290 677 329 739 ad
349 679 513 759 tegendum
527 677 805 756 inuoluendumque
820 676 927 737 Altare
949 676 1014 756 glo-

95 783 258 847 riosissimi
278 783 352 843 Filii
364 783 410 845 tui
432 772 556 844 Domini
576 783 671 844 nostri
686 784 760 844 Jesu
781 781 914 843 Christi:
956 781 1013 854 Qui

94 898 202 952 tecum
216 887 293 948 vivit
306 894 340 949 et
352 880 458 967 regnat
476 888 508 948 in
524 888 640 949 unitate
656 887 787 969 Spiritus
801 886 899 949 sancti
919 887 1015 954 Deua,

94 1010 152 1071 per
166 986 268 1049 omnia
285 988 399 1049 saecula
411 988 604 1049 saeculorum.
642 976 684 1065 Il).
707 987 816 1049 Amen.

139 1092 258 1154 Deinde
273 1096 461 1177 asper-galea
475 1093 560 1174 alque
578 1094 740 1154 benedicta.

278 1312 281 1325 ·
317 1274 366 1355 ᾖ(
378 1294 555 1335 anonumum
572 1292 787 1335 corroraurms

140 1418 184 1497 V.
206 1433 403 1515 Adjntorium
417 1440 553 1497 nostrum
568 1433 600 1493 in
614 1431 736 1495 nomine
750 1431 884 1493 Domini.

142 1530 184 1617 ID.
205 1540 265 1614 Qui
273 1538 354 1601 fecit
368 1540 479 1600 coelum
495 1545 526 1601 et
538 1544 661 1601 terram.

142 1641 186 1720 W·
207 1645 354 1705 Dominus
372 1646 537 1705 vobiscum.

143 1733 183 1821 Β).
205 1753 329 1812 Etcum
343 1751 452 1833 spiritu
467 1757 530 1811 tuo.

503 1928 628 1968 OREMUS.

176 2061 507 2123 LEMENTISSIME
534 2059 674 2129 Domine,
701 2060 788 2138 cujus
811 2059 1020 2120 inenarrabilis

176 2173 244 2228 sest
267 2166 375 2238 virtus,
401 2169 490 2246 cujus
516 2165 662 2247 mysteria
689 2162 806 2225 arcanis
835 2163 1020 2227 mirabilibus

105 2274 317 2334 celebrantur:
342 2272 452 2342 tribue,
468 2292 650 2351 quesumus,
664 2277 700 2331 ut
713 2271 768 2331 hoc
783 2271 946 2332 linteamen
960 2279 1019 2331 tuae

66 2392 79 2399 “
104 2377 329 2460 propitiationis
348 2379 425 2438 bene
440 2375 474 2447 ΡΒ
488 2377 620 2438 dictione
635 2376 842 2437 sanctificetur
856 2377 894 2437 ad
914 2397 1020 2437 conse-

105 2485 254 2546 crandum
279 2503 369 2564 super
393 2482 471 2543 illud
499 2483 618 2565 Corpus
644 2488 675 2543 et
700 2482 881 2565 Sanguinem
906 2481 964 2541 Dei
990 2489 1021 2541 et

58 2662 67 2669 Π
106 2588 232 2649 Domini
245 2589 340 2649 nostri
354 2589 427 2649 lesu
443 2586 560 2649 Christi
579 2587 651 2647 Filii
665 2587 728 2648 tui:
751 2586 810 2660 Qui
830 2592 930 2646 tecum
944 2584 1022 2646 vivit

106 2701 139 2756 et
159 2699 268 2773 regnat
287 2694 318 2753 in
333 2692 451 2754 unitate
472 2692 604 2773 Spiritus
624 2676 722 2753 sancti
743 2692 838 2761 Deus,
851 2711 905 2772 per
921 2689 1022 2752 omniu

106 2799 421 2861 saeculasaeculorum.
460 2797 500 2875 B).
522 2800 632 2858 Amen.
677 2872 680 2877 Ι

504 2974 628 3015 orsurus.
661 3032 664 3037 Ι

191 3107 448 3172 MNIPOTENS
469 3107 652 3189 sempiterne
666 3106 761 3179 Deus,
775 3109 851 3168 bene
862 3112 897 3184 ἦ
907 3108 1021 3179 dicere,

212 3217 311 3279 sancti
323 3215 357 3286 ᾖ(
367 3215 469 3284 ficare,
482 3221 513 3275 et
525 3234 616 3274 conse
628 3214 755 3286 >Becare
767 3214 900 3295 digneris
911 3214 1021 3276 lintea-

107 3346 177 3388 men
197 3323 282 3386 lstud
304 3322 343 3383 ad
368 3320 532 3401 tegendum
553 3319 830 3400 involvendumque
852 3320 969 3401 Corpus
990 3326 1022 3380 et

111 3433 296 3516 Sanguinem
316 3428 439 3493 Domini
459 3426 556 3488 nostri
569 3428 641 3487 Jesu
657 3427 772 3488 Christi
793 3427 863 3487 Filii
879 3427 939 3488 tui:
961 3425 1021 3499 Qui
1055 3482 1060 3493 ,

110 3548 212 3602 tecum
226 3537 305 3600 vivit
319 3542 351 3599 et
364 3540 480 3615 regnat,
495 3540 542 3594 ete
594 3515 634 3604 1³2.
656 3532 765 3593 Amen.
