2234 4006
405 253 503 293 INDEX
525 251 709 293 cananitis.

99 393 295 442 administranda
316 394 360 441 aut
385 393 528 441 densanda

99 463 141 507 66.
158 458 217 506 ordo
232 456 299 505 illam
318 408 472 506 ministrandi
489 461 528 505 66.

100 523 187 569 unctio
196 520 418 579 adlumbos,etiam
427 520 528 578 invitis,

46 637 47 652 p
98 585 237 634 omittenda
247 588 286 633 60.

303 711 325 758 F

133 837 227 885 Fames.
244 837 334 885 Preces
343 837 453 886 dicendae
465 840 527 885 tem·

97 902 327 1013 poi'idcatliisoinides
343 963 528 1012 communican-

97 1028 135 1085 di,
143 1028 256 1091 exceptis
264 1028 364 1090 publice
373 1027 482 1092 indignis
488 1030 528 1074 43.

133 1091 221 1147 Foetns,
237 1093 333 1138 mortua
347 1094 432 1149 matre,
444 1090 528 1139 utrum

94 1153 264 1218 baptizandus
277 1157 313 1201 12.

133 1217 223 1265 Forma
239 1217 398 1266 absolutionis
414 1221 452 1265 37.
467 1216 529 1281 bap·

96 1279 170 1328 tismi
183 1285 229 1332 10.Ι

133 1343 249 1392 Forrnula
273 1343 427 1392 describendi
446 1343 528 1408 bapti·

96 1408 170 1457 zatos
186 1407 211 1455 in
227 1407 289 1455 libro
307 1409 322 1456 11
340 1405 457 1455 Perochis
475 1411 528 1454 175.

98 1471 259 1519 confirmatos
293 1473 346 1518 176.
383 1471 528 1536 conjugatos

99 1537 158 1582 176.
169 1537 259 1582 statum
270 1534 407 1583 animarum
418 1537 471 1582 179.
487 1534 529 1581 de·

98 1599 201 1646 functos
214 1600 267 1645 180.

133 1661 242 1709 Fructus.
259 1659 405 1713 Benedictio
411 1674 530 1708 novorum

95 1725 227 1774 fructuum
240 1726 293 1771 123.

133 1788 233 1850 Fruges.
261 1787 406 1835 Benedicfio
431 1787 530 1852 frugum

97 1854 128 1901 et
144 1851 271 1899 vinearum
289 1853 342 1899 121.

305 1977 328 2024 G

138 2104 238 2152 Gratim.
254 2101 382 2151 Processio
389 2117 434 2167 pro
442 2103 530 2168 gratia-

99 2183 159 2218 rum
170 2167 267 2216 actione
280 2171 334 2214 171.

306 2293 330 2359 Η

101 2485 126 2535 ἃ,
135 2421 249 2532 {pratici
264 2419 361 2484 quando
377 2417 530 2482 rebaptizan-

119 2501 128 2534 1
179 2521 185 2531 .

135 2549 244 2609 Hymnus
254 2545 380 2595 TeDeum
391 2550 442 2594 171.
468 2545 530 2594 Veni
597 2603 599 2607 Ι

101 2615 199 2660 creator
211 2613 264 2658 191.

311 2736 325 2784 I

136 2864 228 2925 Imago.
251 2863 380 2911 sacrarum
395 2861 531 2927 imaginum

102 2926 245 2975 benedictio
262 2924 315 2974 129.

103 3039 105 3042 ,
136 2991 293 3052 Impoenitens.
313 2989 433 3037 Extrema
447 2988 531 3036 unctio

103 3054 249 3119 deneganda
282 3054 321 3101 est
355 3051 531 3116 impoenitenti·

104 3119 313 3244 buinddigentium
344 3177 479 3243 plenariam
507 3177 532 3225 in

104 3243 210 3292 articulo
226 3243 311 3291 mortis
325 3241 465 3307 applicandi
481 3257 532 3289 rno-

104 3308 232 3432 duiniirini
257 3371 363 3434 quando,
385 3326 410 3417 91
431 3369 531 3433 quinam

104 3434 155 3483 sint
179 3433 377 3483 communicandi
399 3435 437 3480 48.
466 3432 532 3480 intir-

105 3512 202 3564 morum
219 3497 328 3545 visitatio
344 3499 369 3546 91
385 3510 444 3544 cura
462 3499 501 3544 63.

232 3567 269 3623 19

957 239 1018 294 217

624 391 731 448 Intentio,
748 404 793 439 seu
810 389 894 454 potitis
913 391 1016 439 attentio

592 455 730 503 adhibenda
747 457 785 502 est
802 454 828 502 in
848 454 1016 503 Sacramento·

592 534 646 567 rum
656 516 863 566 administratione
875 522 897 566 7.

613 582 782 630 interdictum.
810 582 939 638 Quomodo
960 581 1016 645 quis

592 645 731 694 absolvatur
746 645 777 692 ab
792 645 922 694 interdicto
937 648 977 693 40.

623 709 820 770 inimogatirrnes
850 708 967 756 faciendae
1001 708 1017 756 d

592 773 716 820 sacerdote
733 772 759 820 in
774 772 930 820 confessione
944 774 983 819 35.

623 835 800 897 Irregalaritus.
817 835 945 891 Quomodo
961 833 1017 898 quis

592 900 732 948 absolvatur
743 899 775 946 ab
789 898 967 964 irregularitate
977 902 1016 946 41.

724 1013 726 1016 ⁴
792 1024 809 1074 J

623 1151 775 1200 Juculatorioe
790 1153 949 1218 suggerenda
965 1166 1017 1200 mo-

591 1213 703 1263 ribundis
713 1219 752 1264 68.

623 1278 744 1340 Jejuniunr
754 1280 809 1327 ante
819 1279 1018 1327 communionem

592 1342 690 1404 quando
701 1343 733 1390 sit
740 1342 907 1391 necessarium
916 1342 942 1390 in
950 1343 1018 1390 intir-

593 1404 640 1453 mis
654 1408 693 1454 40.

792 1533 919 1582 L..

626 1659 703 1720 Lapis
736 1659 848 1708 rimarius
858 1675 903 1725 pro
914 1655 1022 1708 ecclesia

595 1722 705 1771 aedifican
723 1727 803 1773 a130.

626 1786 698 1834 Libri
718 1786 851 1835 necessarii
872 1786 903 1834 ad
928 1787 1021 1834 rectam

595 1851 804 1898 sacramentorum
832 1849 1021 1898 administratio·

595 1926 653 1960 nem
664 1917 687 1960 7.
698 1912 755 1961 111111
766 1913 871 1963 habendi
881 1911 1021 1962 aParochis

595 1975 626 2024 ad
651 1977 720 2024 varia
745 1991 904 2040 personarum
929 1991 1022 2041 genera

589 2039 757 2089 ‘describenda
773 2044 826 2088 174.

626 2103 773 2152 Linteumen.
800 2103 946 2152 Benedictio
973 2103 1020 2151 lin·

595 2166 730 2214 teaminum
747 2167 828 2214 altaris
847 2170 900 2215 126.

626 2230 730 2277 Lituniae
744 2233 883 2278 sanctorum
897 2233 950 2281 134.
966 2229 1020 2278 lita-

594 2292 641 2340 niae
653 2308 697 2356 pro
708 2293 860 2342 moribundis
870 2297 910 2342 70.

626 2357 704 2409 Locus
712 2357 896 2407 administrandi
904 2355 1021 2422 baptismi

596 2423 633 2468 13.
650 2418 699 2468 loci
709 2419 849 2470 benedictio
861 2424 913 2469 118.

715 2554 719 2558 ’
793 2546 824 2595 Μ

626 2672 729 2733 Mappa.
761 2673 911 2737 Mapparum
937 2671 1020 2721 altaris

594 2735 733 2784 benedictio
750 2738 803 2783 126.

591 2815 592 2818 ’
625 2799 714 2846 Mater.
730 2799 786 2846 vide
797 2800 880 2847 Pater.

626 2862 733 2910 Materia
742 2862 858 2926 baptismi
870 2866 893 2910 9.

626 2925 805 2973 Matrimonium
840 2930 1020 2975 sacramentum

597 2992 650 3036 103.
666 2987 726 3035 ritus
737 2988 798 3037 illud
814 2989 954 3038 celebrandi
967 2994 1022 3039 106.

595 3050 751 3100 matrimonia
769 3053 945 3102 catholicorum
963 3068 1020 3102 cum

596 3113 739 3163 acatholicis
766 3130 814 3164 non
838 3120 896 3166 sunt
921 3116 1021 3165 benedi·

597 3177 745 3226 cenda107.

629 3241 741 3291 Minister
750 3243 865 3308 baptismi
878 3248 915 3293 11.

629 3305 716 3353 Modus
731 3307 873 3358 absolvendi
890 3309 1021 3370 asuspen-

599 3368 667 3417 sione
684 3370 710 3416 et
727 3370 858 3421 interdicto
873 3374 912 3418 40.
930 3371 955 3416 91
973 3367 1022 3416 dis-

598 3431 718 3496 pensandi
743 3450 818 3500 super
846 3431 1023 3498 irregularitate

598 3499 637 3544 41.
647 3551 649 3554 Α
659 3495 821 3568 benedicendi
842 3496 979 3564 scapulare,
997 3498 1023 3570 et

1041 994 1044 1020 Ι
