2234 4006
344 114 383 157 nn
399 114 692 157 aaummrrormus.
919 101 974 156 141

55 253 173 337 agitur,
188 254 208 314 a
222 253 334 349 latiari
349 257 508 317 credatur:
530 276 704 336 quaesumus
724 254 901 317 immensam
915 254 979 316 cle·

57 360 206 422 mentia'm
228 366 321 432 tuam,
341 368 377 423 ut
400 346 552 443 quidquid
575 362 665 424 modd
686 362 840 424 visitaturi
862 380 978 432 sumus,

56 467 184 559 visites}
205 474 237 537 et
249 467 400 549 quidquid
415 469 606 531 benedicturi
621 489 735 539 sumus,
747 466 978 547 beneffldicasc
1002 526 1005 531 .

59 573 169 654 sitque·
192 574 231 635 ad
258 580 368 637 nostra
395 573 574 635 humilitatis
602 563 771 645 introitum,
798 562 980 635 Sanctorum

60 685 185 740 tuorum
199 680 327 751 meritis,
342 681 414 762 fuga
434 681 617 752 daemonum,
632 680 746 762 Angeli
764 679 848 762 pacis
862 679 979 760 ingres-

60 806 126 847 sus.
167 787 227 847 Per
252 786 408 848 Christum
429 788 592 849 Dominum
613 794 762 848 nostrum.
802 769 843 858 Bl.
868 786 979 847 Amen.

140 916 233 989 EUS,
256 919 309 997 qui
334 938 372 979 ex
396 919 529 981 omnium
553 918 775 981 cohabitatione
800 918 979 1003 Sanctorum

160 1031 306 1084 aternum
327 1024 479 1103 majestati
494 1031 553 1086 tum
568 1024 676 1086 condis
696 1023 919 1085 habitaculumz
940 1021 980 1083 da

58 1127 258 1191 {edificationi
278 1137 338 1192 tuae
353 1131 542 1193 incrementa
559 1128 714 1201 coelestia3
735 1135 770 1190 ut
784 1128 866 1208 quod
879 1134 912 1189 te
926 1128 978 1208 ju·
1053 1124 1058 1133 ’

59 1237 153 1296 bente
175 1236 331 1307 fundatur,
347 1242 378 1297 te
399 1236 548 1319 largiente
567 1235 752 1318 perficiatur.
793 1235 853 1296 Per
873 1233 977 1296 Chris·

62 1347 132 1401 tum
145 1342 308 1403 Dominum
322 1349 481 1404 nostrum,
510 1325 550 1415 Β).
571 1343 682 1403 Amen.

59 1567 149 1609 nisus
174 1568 370 1610 BENEDICENDI
395 1569 500 1610 NOVAM
528 1568 702 1620 nocnusthm,
727 1567 782 1608 SEU
807 1564 978 1608 chamutum

192 1644 351 1697 PUBLIGUM,
376 1645 416 1684 UT
441 1644 483 1685 131
507 1642 728 1684 SANCTISSIMUM
753 1641 850 1681 Mlssrs

264 1718 455 1761 SACRIFIGIUM
479 1716 642 1759 causabam
666 1715 775 1756 Possm

124 1865 321 1926 ACERDOS
335 1886 444 1926 novam
458 1864 629 1931 Ecclesiam
640 1830 682 1924 d'e
695 1863 822 1924 licentia
834 1861 975 1943 Episcopi

144 1946 371 2015 benedicturus,
383 1953 419 2005 ut
431 1946 463 2005 in
475 1965 512 2005 ea
525 1944 662 2004 divinum
676 1942 856 2005 sacrificium
871 1942 977 2003 Missas

60 2026 121 2088 rite
140 2026 322 2096 celebretur,
338 2027 416 2086 stola
430 2047 466 2087 ac
485 2023 615 2106 pluviali
628 2024 689 2084 albi
708 2024 819 2085 coloris
840 2022 977 2093 indutus,

59 2107 180 2186 aliquot
207 2106 421 2167 Sacerdotibus
449 2112 482 2166 et
512 2103 643 2166 Clericis
670 2104 824 2175 adhibitis,
851 2104 980 2186 praelata

61 2186 165 2249 cruce
188 2187 289 2249 media
312 2187 392 2247 inter
416 2187 493 2247 duos
519 2185 658 2247 Clericus
678 2185 851 2245 deferentes
874 2204 978 2245 cereos

17 2266 20 2271 ’
60 2286 223 2338 accensos,
239 2268 327 2329 mane
347 2267 486 2349 procedit
505 2267 544 2329 ad
565 2266 739 2348 primariam
759 2265 907 2326 Ecclesia
927 2265 978 2323 vel

62 2347 197 2409 Oratorii
213 2349 355 2427 januam3
379 2347 432 2408 ubi
453 2354 536 2408 stans
558 2346 657 2428 capite
677 2353 790 2428 aperto,
814 2362 979 2406 conversus

62 2428 102 2489 ad
117 2448 183 2489 eam
198 2428 275 2489 dicit
288 2428 425 2489 absolute
440 2427 633 2489 Orationem:

142 2557 329 2619 CTIONES
340 2567 472 2656 nostras,
481 2578 653 2639 quaesumus
664 2556 805 2627 Domine,
817 2552 979 2637 aspirando

161 2663 304 2745 praeveni,
329 2670 362 2725 et
385 2663 558 2744 adjuvando
585 2681 786 2744 prosequere:
810 2666 845 2721 ut
868 2666 981 2723 cuncta

60 2774 167 2831 nostm
186 2769 285 2831 oratio
306 2775 338 2831 et
357 2768 492 2851 operatio
507 2770 526 2828 ὲ
546 2773 577 2828 te
591 2788 709 2849 semper
723 2765 859 2849 incipiat,
873 2773 906 2828 et
925 2786 980 2849 per

60 2881 92 2937 te
106 2866 211 2956 coepta
225 2874 360 2936 liniatur.
400 2874 461 2935 Per
476 2860 633 2936 Christum
654 2872 817 2934 Dominum
831 2878 980 2935 nostrum.

61 2982 175 3041 Amen.

98 3082 218 3145 Deinde
232 3084 356 3145 inchoat
368 3082 589 3165 Antiphontem:
610 3084 764 3167 Aspcrges
777 3104 826 3145 me
839 3082 980 3153 Domine,

59 3193 121 3253 ata.
135 3191 165 3249 at
181 3188 289 3251 Cleraa
306 3188 474 3249 tamasim
487 3191 562 3251 dicit
581 3188 741 3251 Paalmam
755 3188 906 3249 Miserere
918 3188 980 3249 met

58 3292 158 3367 Deus,
171 3301 204 3357 ut
218 3296 324 3377 ευρνᾱ,
336 3293 401 3375 sol.
416 3300 466 3357 83.
502 3294 546 3357 Ia
556 3296 626 3376 fiac
640 3294 746 3359 Gloria
760 3294 855 3358 Patri.
976 3356 981 3363 ,
