2234 4006
313 311 315 316 .
377 271 418 344 aa
440 301 736 349 rnoorssrourans..
828 291 856 337 .’
945 294 1004 352 173

77 446 114 503 in
125 443 276 513 Ecclesia,
288 443 338 503 aui
350 444 392 506 a’t
402 444 504 516 statio,
514 451 583 504 ante
592 444 699 506 Altera
710 413 847 507 dicuntur
858 453 1006 527 sequentes

87 524 208 594 Versus,
224 533 251 584 et
269 521 467 601 Orationes:-

121 624 165 705 57.
186 629 374 691 Benedictus
388 649 421 695 es
442 630 573 694 Domine
586 633 672 693 Deus
685 638 806 714 patrum
820 640 1002 696 nostrorum.

121 725 162 813 Β).
182 736 225 797 Et
239 736 412 810 laudabitis,
427 744 460 799 et
472 739 622 820 gloriosus
638 741 805 803 in'soecula.
876 768 880 775 ·
899 814 902 819 ³

122 838 166 919 57.
186 841 410 904 Benedicamus
439 845 562 906 Putrem
592 853 624 908 et
657 845 869 911 Filium'cum
897 856 1003 910 sancto

82 947 212 1030 Spiritu.
320 936 359 975 ¹*
528 928 532 941 ι

121 1045 162 1133 Β).
184 1054 370 1127 Laudemus,
386 1062 418 1117 et
431 1051 693 1138 superexaltemus
707 1078 776 1118 eum
793 1058 825 1118 in
843 1060 963 1122 seacula.

121 1155 164 1232 y).
186 1160 375 1221 Benedictus
387 1144 421 1222 es·
432 1163 561 1224 Domine
576 1164 661 1224 Deus
671 1163 704 1224 in
718 1162 909 1225 firmamento
921 1165 1002 1229 coeli.

122 1265 162 1340 ld.
183 1266 225 1326 ut
244 1265 418 1338 laudabilis,
434 1275 466 1329 et
485 1268 644 1349 gloriosus,
660 1274 692 1330 et
706 1270 950 1350 superexaltatus
971 1272 1003 1331 in

81 1371 227 1432 saecnla.'
334 1394 337 1400 ·
490 1356 493 1361 ’
663 1358 665 1363 ’

122 1464 164 1542 57.
186 1475 322 1537 Benedic
337 1476 438 1538 anima
451 1497 519 1538 mea
533 1478 675 1539 Domino.

122 1570 163 1657 Β).
184 1581 302 1642 uenali
317 1581 576 1644 oblivisci'omnes
591 1582 805 1667 retributiones
820 1586 897 1666 ejus.
935 1588 938 1594 ’

121 1681 165 1758 Pi.
186 1686 316 1748 Domine
330 1687 444 1752 exaudi,
455 1676 622 1769 orationem
635 1709 744 1750 meam.
806 1762 808 1767 Ι
859 1712 861 1719 ·

121 1777 162 1866 Id.
183 1792 224 1852 Et
238 1792 352 1854 clamor
366 1814 451 1854 meus
465 1794 504 1854 ad
524 1801 556 1855 te
569 1794 684 1875 veniat.
741 1804 743 1811 '

122 1893 165 1970 7).
184 1897 336 1983 Dominus
355 1899 523 1959 vobiscum.
604 1936 607 1941 -
780 1882 782 1889 ¹

116 1999 162 2080 132.
183 2004 225 2064 ut
239 2023 308 2064 cum
323 2003 431 2085 spiritu
448 1997 511 2064 tuo.
585 2056 587 2060 1

181 2239 306 2280 oanuus.
454 2234 456 2243 ·
492 2219 495 2223 ’
780 2239 901 2284 enarro.

157 2392 250 2462 EUS,
274 2384 372 2472 cujus
389 2391 604 2453 misericordie
629 2402 763 2454 nonest
790 2400 945 2466 numerus,
971 2403 1002 2458 et
1048 2423 1050 2427 ¹

176 2497 321 2558 bonitatis
330 2496 469 2559 infinitus
479 2507 528 2558 est
538 2499 716 2560 thesaurus:
738 2500 883 2583 piissimae
891 2503 1001 2581 majes-

79 2603 136 2663 tati
159 2586 217 2663 tuie
237 2624 290 2684 pro
305 2603 425 2664 collatis
439 2603 528 2664 donis
548 2603 661 2686 gratias
675 2605 802 2686 agimus,
817 2613 900 2664 tunm
921 2624 1000 2664 sem·

79 2731 135 2792 per
150 2710 343 2773 clementiam
358 2717 530 2778 exorantes,
544 2708 647 2787 utqui
660 2708 835 2790 petentibus
849 2709 1002 2788 postulata

79 2814 237 2886 concedis,
266 2815 388 2877 eosdem
416 2833 477 2875 non
504 2814 661 2884 deserens,
686 2813 725 2874 ad
750 2813 873 2894 pramis
899 2814 1002 2878 futura

79 2921 236 3002 disponas.
906 2914 909 2918 ’

482 3096 605 3139 oleario.

157 3232 256 3322 EUS,
266 3250 319 3331 qni
334 3250 427 3311 corda
440 3249 578 3345 fidelium
590 3248 689 3312 sancti
711 3250 843 3334 Spiritus
863 3253 999 3314 illustra·

179 3357 263 3418 tione
277 3355 426 3417 docuisti:
449 3355 590 3417 danobis
611 3356 644 3416 in
658 3356 765 3418 eodem
787 3358 902 3439 Spiritu
916 3365 1000 3421 recta
1086 3413 1089 3418 .

79 3483 199 3544 sapere,
213 3463 298 3524 etde
312 3463 383 3543 ejus·
391 3481 512 3542 semper
525 3462 734 3527 consolatione
747 3462 890 3544 gaudere.

206 3599 262 3654 15*
