2206 4004
316 288 356 332 nn
378 288 576 332 sncrsunnro
594 290 746 333 smrsnrr.
949 277 989 340 19
1093 294 1096 301 ·

96 430 138 493 lut
153 395 290 493 omnibus
309 430 528 513 accipientibus
549 430 685 514 perlecto
696 430 859 502 medicine,
873 396 992 513 permu-

95 555 156 600 nens
175 537 207 598 in
221 537 389 598 visceribus
403 557 517 608 eorum,
531 536 563 597 in
578 537 698 598 nomine
711 538 848 619 ejusdem
868 538 991 600 Domini

94 643 175 705 nostri
187 644 206 705 J
208 663 262 704 esu
277 642 402 714 Christi,
416 642 471 724 qui
483 649 631 705 venturus
644 649 693 704 est
707 643 847 723 judicare
860 643 946 705 vivos
960 650 993 706 et

94 756 224 821 mortuos,
238 754 271 811 et
284 750 430 811 saeculum
444 748 623 831 perignem.
642 736 681 827 Β)
703 749 815 810 Amen.
1026 824 1029 829 Ι

124 854 235 917 Deinde
254 856 397 916 immittat
415 855 558 916 modicum
576 853 651 915 salic
668 855 815 916 benedicti
835 856 871 917 io
889 876 923 918 oc
943 858 991 918 io·

86 958 315 1039 torthelmus·
335 959 387 1032 N.‚
399 959 515 1041 Accipe
522 961 617 1022 sulem
627 960 799 1043 supientiae3
818 962 991 1045 propitiatio

92 1056 125 1127 sit
135 1066 188 1128 tibi
205 1066 238 1129 in
251 1067 346 1129 vitum
359 1073 512 1128 eternum.
531 1053 571 1142 ld.
593 1068 704 1129 Amen.

70 1231 73 1237 ,
125 1173 275 1240 Sacerdos.
294 1174 359 1234 Pur
372 1179 486 1234 tecum.

122 1257 159 1346 ld·
178 1280 304 1341 Etcum
318 1276 426 1359 spiritu
440 1283 504 1339 tuo.

473 1426 598 1469 OREMUS.
611 1428 616 1447 ¹

154 1527 236 1591 EUS
257 1530 383 1591 Petrum
396 1535 578 1600 nostrorum,
592 1530 677 1591 Deus
690 1529 838 1593 universe
853 1534 993 1597 conditor

167 1635 317 1704 veritatis,
328 1643 359 1696 te
371 1606 524 1717 supplices
532 1655 701 1723 exoremus,
709 1643 745 1698 ut
753 1637 833 1698 hunc
845 1639 991 1700 tumulum

89 1745 166 1800 tnurn
186 1739 231 1800 N.
244 1741 398 1822 respicere
413 1741 546 1822 digneris
566 1742 726 1824 propitius,
741 1748 773 1803 et
792 1742 847 1802 hoc
861 1743 992 1824 primum

88 1846 223 1925 puhnlum
251 1846 324 1907 salis
354 1853 525 1927 gustantem
552 1864 614 1907 non
641 1844 755 1906 diutius
782 1844 896 1908 esurire
923 1868 992 1928 per·

88 1951 194 2022 nittos,
206 1951 268 2032 qud
282 1935 380 2012 minus
395 1952 462 2012 cibo
475 1950 635 2031 expleatur
648 1948 777 2020 coelesti,
789 1950 937 2030 quatenlrs
951 1953 993 2017 sit

90 2074 200 2139 semper
219 2056 328 2138 spiritu
349 2056 482 2126 fervens,
497 2074 551 2136 spe
571 2052 717 2136 gaudens,
731 2060 784 2116 tuo
806 2076 924 2140 semper
936 2066 1001 2121 no'ss'

89 2163 154 2223 nini
179 2162 326 2224 serviens.
351 2161 471 2223 Perduc
496 2181 565 2223 enm
588 2160 729 2234 Domine,
749 2183 932 2243 quaesumus,
952 2150 1003 2227 ad-

90 2286 164 2329 nore
177 2268 415 2349 regenerationis
436 2266 602 2339 lavacrum,
616 2273 652 2329 ut
675 2288 744 2329 cunr
766 2268 908 2332 fidelibus
929 2271 992 2334 tuis

91 2374 312 2453 promissionum
326 2381 446 2434 tuarum
461 2380 576 2434 aeterna
594 2372 717 2456 premis
729 2376 875 2454 consequi
894 2395 992 2437 mere·

91 2488 161 2546 stur.
200 2482 261 2542 Per
283 2479 439 2541 Christum
464 2480 627 2542 Dominum
649 2487 796 2542 nostrum.
820 2466 860 2555 ld.
882 2482 993 2543 Amen.

75 2602 78 2607 '
121 2586 272 2648 Exorcizo
297 2592 327 2647 te
351 2586 505 2647 immunde
530 2586 654 2667 spiritus
679 2586 711 2647 in
735 2585 856 2648 nomine
881 2587 993 2658 Patris,

91 2688 162 2764 thet
174 2692 256 2763 Filii,
269 2686 304 2760 »Β
317 2697 348 2752 ct
363 2691 493 2774 Spiritus
505 2691 540 2764 >E
550 2691 660 2763 suncti,
674 2699 710 2753 ut
723 2711 812 2752 exeas
824 2697 856 2752 et
869 2672 994 2754 recedes

90 2798 121 2857 ch
138 2797 194 2859 hoc
215 2797 329 2859 famulo
351 2797 409 2858 Dei
429 2796 472 2857 N.
494 2797 565 2878 lpse
579 2797 660 2856 enim
674 2795 729 2879 tibi
748 2795 887 2877 imperat,
901 2798 991 2860 mals·

89 2900 164 2964 dicte
182 2903 335 2974 damnate,
350 2903 403 2983 qui
423 2902 551 2984 pedibus
566 2921 658 2982 super
678 2921 759 2962 mare
773 2901 948 2975 ambulavit,
963 2909 995 2966 et

90 3006 173 3070 Petro
186 3009 337 3091 mergenti
350 3010 506 3071 dexterum
519 2991 664 3089 porrexit.

123 3117 212 3198 Ergo,
242 3115 405 3177 maledieto
439 3115 569 3186 diabole,
597 3134 779 3196 recognosce
813 3114 994 3177 sententium

88 3226 176 3294 tuum,
196 3229 229 3284 et
250 3223 291 3283 da
309 3221 453 3282 honorem
474 3221 539 3281 Deo
554 3220 622 3281 vivo
645 3226 677 3281 et
694 3241 777 3292 vero,
792 3221 831 3282 da
851 3221 994 3282 honorem

87 3326 154 3389 lesu
175 3326 299 3389 Christo
320 3328 401 3388 Filio
415 3328 491 3408 ejus,
506 3335 538 3390 et
560 3326 688 3408 Spiritui
710 3332 826 3398 sancto,
841 3332 873 3389 ct
886 3325 995 3388 recede

88 3435 120 3495 uh
132 3435 189 3496 hoc
203 3434 318 3496 famulo
332 3433 390 3494 Dei
409 3433 463 3504 N.,
479 3433 551 3514 quia
564 3432 658 3494 istum
671 3432 728 3494 sibi
743 3434 827 3493 Deus
841 3437 874 3492 et
890 3428 994 3491 Domi·

87 3557 141 3602 nus
159 3546 265 3604 noster
277 3539 367 3602 Jesus
389 3537 527 3601 Christus
541 3539 581 3601 ud
602 3558 687 3600 sunm
701 3544 837 3600 sanctam
855 3533 992 3615 gretiam,
