2234 4006
94 276 154 334 140
378 290 417 331 or
439 289 726 334 oasrororroremoa.

136 430 198 501 an
217 431 307 501 dicto,
325 433 465 492 Sacerdos
484 434 599 513 spargit
613 433 732 513 Aquam
753 431 938 494 benedictam
952 430 1003 514 per

92 511 193 572 amaia
202 508 416 593 fundamenta,
437 513 465 572 si
486 522 554 572 sant
576 519 695 594 aperta:
720 514 838 575 sivero
858 534 920 574 raon
941 513 1004 577 sant

92 600 204 672 aperta,
219 591 326 651 circuit
342 593 523 672 aspergendo
532 592 737 673 fundamenta
749 593 895 654 Ecclesia
910 593 1002 672 asoa

90 680 173 732 nata.
207 670 263 759 ,aa
288 673 435 752 incipiens
461 692 614 754 aspergere
640 675 763 736 inchoat
789 672 1002 754 anaphoram,

28 780 33 786 ·
95 752 182 813 Ctero
198 757 409 833 prosequentes

131 857 157 914 0
172 857 265 936 quim
279 856 459 918 metuendus
474 862 522 918 ost
533 858 620 919 locus
633 856 710 919 iste!
732 857 805 919 veri
818 877 882 920 non
897 865 945 923 est
956 859 1002 919 hic

82 961 187 1031 aliud,
201 961 260 1023 nisi
275 962 381 1023 domus
396 962 466 1034 Dei,
481 970 512 1024 et
525 969 612 1045 porta
626 963 707 1026 ooeli.

458 1139 592 1183 PSALHUS
606 1140 638 1183 ὃ.

162 1271 446 1333 UNDAMENTA
466 1274 532 1354 ejus
545 1273 578 1333 in
593 1272 743 1335 montibus
758 1273 893 1336 sanctis:
905 1278 923 1312 ¹⁵
936 1273 1001 1335 dili-

181 1377 227 1458 git
245 1377 394 1438 Dominus
415 1387 517 1460 portas
538 1378 612 1440 Sion
633 1399 725 1460 super
745 1378 847 1440 omnia
867 1381 1001 1441 taberna-

93 1483 279 1544 culaJaooh.
398 1494 401 1499 ’

133 1586 273 1649 Gloriosa
286 1587 370 1648 dicta
383 1594 456 1649 sunt
475 1589 514 1648 do
528 1595 570 1660 te,
585 1593 602 1628 ²*
616 1589 724 1652 civitas
738 1590 808 1651 Dei.
863 1602 866 1607 ’

132 1694 251 1755 Memor
265 1714 316 1754 ero
330 1676 434 1755 Rairab
448 1700 480 1755 ct
493 1694 659 1776 Babylonis
673 1695 868 1756 *scientium
882 1715 941 1758 me.

131 1803 214 1864 Ecce
228 1800 413 1883 alienigenae,
426 1809 458 1864 et
472 1799 586 1883 Tyrus,
598 1808 630 1863 et
642 1802 772 1884 populus
787 1802 1002 1884 AEthiopum‚⁸

91 1906 122 1968 hi
135 1908 261 1977 fuerunt
273 1907 350 1968 illic.
616 1991 619 1995 .

132 2013 290 2093 Numquid
313 2012 385 2074 Sion
400 2012 501 2074 dicet:
529 2012 641 2083 Homo,
656 2019 688 2074 et
699 2012 787 2074 homo
801 2020 892 2077 natus
907 2022 956 2076 eat
973 2014 1002 2075 in

92 2139 145 2181 ear
157 2121 177 2163 t*
191 2125 223 2179 et
235 2106 456 2199 ipse'fundavit
469 2136 533 2179 eam
548 2118 726 2193 Altissimuo
740 2119 754 2177 i
813 2172 816 2177 .

132 2222 280 2284 Dominus
293 2223 428 2284 narrabit
446 2223 478 2283 in
492 2223 651 2306 scripturis
664 2223 856 2306 populorum,
870 2233 904 2289 et
923 2226 1004 2308 ptin-

92 2329 213 2410 cipum3
226 2331 243 2367 't
257 2327 374 2398 horum,
388 2328 441 2409 qui
458 2328 582 2390 suerunt
592 2328 626 2396 in
640 2350 686 2391 ea.-

133 2433 222 2497 Siout
253 2433 424 2494 laetantium
445 2433 584 2516 *omnium
611 2439 629 2475 *
654 2434 798 2498 habitatio
825 2444 875 2499 est
905 2437 939 2499 in
964 2444 1003 2499 te.

134 2540 241 2603 Gloria
259 2539 355 2603 Patri.
452 2608 455 2613 ⁴
837 2552 840 2555 ’

131 2648 206 2711 Aret.
231 2649 258 2708 0
279 2650 372 2729 quim
392 2647 572 2709 metuendus
587 2655 634 2733 est
651 2649 739 2710 locus
758 2649 835 2712 iste!
857 2650 932 2712 veri
945 2671 1002 2714 non

91 2763 138 2818 est
155 2755 206 2816 hic
219 2754 315 2827 aliud,
329 2754 389 2816 nisi
402 2755 509 2816 domus
523 2754 593 2825 Dei,
607 2761 641 2816 ot
652 2761 740 2835 porta
753 2756 835 2818 coeli.

97 2860 99 2865 ’
132 2860 257 2920 Interim
281 2860 457 2939 aspergendo
476 2859 612 2938 procedit
634 2878 725 2938 casque
749 2860 791 2921 ad
804 2859 1004 2942 fundamenta

92 2948 202 3020 aperta,
213 2958 263 3000 sea
274 2940 438 3020 designata,
451 2948 478 3001 et
488 2941 612 3027 repetito
621 2941 805 3020 amphorae,
817 2950 903 3004 stans
914 2944 1003 3034 dicits

131 3046 270 3106 Oramus.

130 3148 289 3211 Miaistm:
310 3149 484 3210 Flectamus
498 3171 606 3232 genua.

163 3297 171 3314 .
190 3254 317 3315 Levata.

131 3238 417 3421 132MNIPOTENS
438 3367 470 3422 et
483 3350 654 3437 misericors
668 3364 764 3436 Deus,
778 3363 833 3445 qui
854 3365 1006 3431 Sacerdo-

179 3465 261 3529 tibus
280 3465 469 3530 tristantem
482 3486 547 3550 prae
560 3468 670 3531 ceteris
689 3469 817 3550 gratiam
832 3473 1006 3546 contulisti,

90 3582 127 3638 ut
145 3572 295 3657 quidquid
313 3571 346 3634 in
366 3579 420 3636 tuo
438 3573 559 3638 nomino
579 3574 671 3658 digni
690 3574 887 3658 perfecteque
907 3580 946 3642 ob
960 3579 1006 3642 eia
