<?xml version="1.0" encoding="UTF-8"?>
<!DOCTYPE html PUBLIC "-//W3C//DTD XHTML 1.0 Transitional//EN"
    "http://www.w3.org/TR/xhtml1/DTD/xhtml1-transitional.dtd">
<html xmlns="http://www.w3.org/1999/xhtml" xml:lang="en" lang="en">
 <head>
  <title>
</title>
<meta http-equiv="Content-Type" content="text/html;charset=utf-8" />
  <meta name='ocr-system' content='tesseract 3.04.00' />
  <meta name='ocr-capabilities' content='ocr_page ocr_carea ocr_par ocr_line ocrx_word'/>
</head>
<body>
  <div class='ocr_page' id='page_1' title='image "./compendiumritua00mdgoog_0050.png"; bbox 0 0 2234 4006; ppageno 0'>
   <div class='ocr_carea' id='block_1_1' title="bbox 267 261 995 330">
    <p class='ocr_par' dir='ltr' id='par_1_1' title="bbox 267 261 995 330">
     <span class='ocr_line' id='line_1_1' title="bbox 267 261 995 330; baseline 0.007 -6"><span class='ocrx_word' id='word_1_1' title='bbox 267 304 270 308; x_wconf 92' lang='lat'>-</span> <span class='ocrx_word' id='word_1_2' title='bbox 292 284 332 325; x_wconf 75' lang='lat' dir='ltr'><strong>ns</strong></span> <span class='ocrx_word' id='word_1_3' title='bbox 355 285 552 326; x_wconf 73' lang='lat' dir='ltr'><strong>sscaancnao</strong></span> <span class='ocrx_word' id='word_1_4' title='bbox 574 285 792 327; x_wconf 77' lang='lat' dir='ltr'><strong>rmnrrcnsrm.</strong></span> <span class='ocrx_word' id='word_1_5' title='bbox 943 261 995 330; x_wconf 66' lang='lat'><strong>²89</strong></span> 
     </span>
    </p>
   </div>
   <div class='ocr_carea' id='block_1_2' title="bbox 78 425 997 827">
    <p class='ocr_par' dir='ltr' id='par_1_2' title="bbox 78 425 997 827">
     <span class='ocr_line' id='line_1_2' title="bbox 78 425 996 507; baseline -0.001 -21"><span class='ocrx_word' id='word_1_6' title='bbox 78 425 181 486; x_wconf 82' lang='lat' dir='ltr'><strong>rende</strong></span> <span class='ocrx_word' id='word_1_7' title='bbox 193 425 342 486; x_wconf 88' lang='lat' dir='ltr'><strong>mandatis</strong></span> <span class='ocrx_word' id='word_1_8' title='bbox 357 426 516 496; x_wconf 72' lang='lat' dir='ltr'><strong>Ecclesiae,</strong></span> <span class='ocrx_word' id='word_1_9' title='bbox 529 448 596 506; x_wconf 71' lang='lat' dir='ltr'><strong>quae</strong></span> <span class='ocrx_word' id='word_1_10' title='bbox 610 426 657 487; x_wconf 86' lang='lat' dir='ltr'><strong>illi</strong></span> <span class='ocrx_word' id='word_1_11' title='bbox 671 425 745 488; x_wconf 88' lang='lat' dir='ltr'><strong>fient</strong></span> <span class='ocrx_word' id='word_1_12' title='bbox 760 447 813 507; x_wconf 91' lang='lat' dir='ltr'><strong>pro</strong></span> <span class='ocrx_word' id='word_1_13' title='bbox 824 427 879 487; x_wconf 89' lang='lat' dir='ltr'><strong>tali</strong></span> <span class='ocrx_word' id='word_1_14' title='bbox 891 448 996 487; x_wconf 87' lang='lat' dir='ltr'><strong>causa:</strong></span> 
     </span>
     <span class='ocr_line' id='line_1_3' title="bbox 78 504 996 587; baseline 0.001 -21"><span class='ocrx_word' id='word_1_15' title='bbox 78 526 118 566; x_wconf 89' lang='lat' dir='ltr'><strong>ac</strong></span> <span class='ocrx_word' id='word_1_16' title='bbox 132 504 297 586; x_wconf 77' lang='lat' dir='ltr'><strong>praecipoe,</strong></span> <span class='ocrx_word' id='word_1_17' title='bbox 310 527 348 566; x_wconf 92' lang='lat' dir='ltr'><strong>ne</strong></span> <span class='ocrx_word' id='word_1_18' title='bbox 359 507 502 587; x_wconf 85' lang='lat' dir='ltr'>deinceps</span> <span class='ocrx_word' id='word_1_19' title='bbox 514 509 673 586; x_wconf 81' lang='lat' dir='ltr'>delinquat</span> <span class='ocrx_word' id='word_1_20' title='bbox 684 515 789 568; x_wconf 86' lang='lat' dir='ltr'><strong>contra</strong></span> <span class='ocrx_word' id='word_1_21' title='bbox 799 508 886 567; x_wconf 89' lang='lat' dir='ltr'><strong>illum</strong></span> <span class='ocrx_word' id='word_1_22' title='bbox 897 509 996 568; x_wconf 89' lang='lat' dir='ltr'><strong>Cano-</strong></span> 
     </span>
     <span class='ocr_line' id='line_1_4' title="bbox 78 587 997 679; baseline 0 -33"><span class='ocrx_word' id='word_1_23' title='bbox 78 606 156 679; x_wconf 78' lang='lat' dir='ltr'><strong>pem</strong></span> <span class='ocrx_word' id='word_1_24' title='bbox 177 587 226 678; x_wconf 80' lang='lat' dir='ltr'><strong>vel</strong></span> <span class='ocrx_word' id='word_1_25' title='bbox 248 587 414 658; x_wconf 84' lang='lat' dir='ltr'><strong>decretum,</strong></span> <span class='ocrx_word' id='word_1_26' title='bbox 437 594 542 648; x_wconf 89' lang='lat' dir='ltr'><strong>contra</strong></span> <span class='ocrx_word' id='word_1_27' title='bbox 562 589 644 668; x_wconf 90' lang='lat' dir='ltr'><strong>qnod</strong></span> <span class='ocrx_word' id='word_1_28' title='bbox 668 588 818 659; x_wconf 87' lang='lat' dir='ltr'><strong>faciendo,</strong></span> <span class='ocrx_word' id='word_1_29' title='bbox 840 609 997 649; x_wconf 81' lang='lat' dir='ltr'>censuram</span> 
     </span>
     <span class='ocr_line' id='line_1_5' title="bbox 78 674 852 827; baseline 0.001 -21"><span class='ocrx_word' id='word_1_30' title='bbox 78 674 268 827; x_wconf 56' lang='lat' dir='ltr'><strong>mcliiiriiiue</strong></span> <span class='ocrx_word' id='word_1_31' title='bbox 282 747 361 807; x_wconf 91' lang='lat' dir='ltr'><strong>hnnc</strong></span> <span class='ocrx_word' id='word_1_32' title='bbox 377 746 553 808; x_wconf 87' lang='lat' dir='ltr'><strong>absolvendi</strong></span> <span class='ocrx_word' id='word_1_33' title='bbox 568 749 658 808; x_wconf 90' lang='lat' dir='ltr'><strong>ritum</strong></span> <span class='ocrx_word' id='word_1_34' title='bbox 673 749 852 809; x_wconf 83' lang='lat' dir='ltr'><strong>observabit.</strong></span> 
     </span>
    </p>
   </div>
   <div class='ocr_carea' id='block_1_3' title="bbox 78 853 1017 2833">
    <p class='ocr_par' dir='ltr' id='par_1_3' title="bbox 78 853 999 1354">
     <span class='ocr_line' id='line_1_6' title="bbox 124 853 998 935; baseline 0 -24"><span class='ocrx_word' id='word_1_35' title='bbox 124 853 324 912; x_wconf 78' lang='lat' dir='ltr'><strong>Poeaitentem</strong></span> <span class='ocrx_word' id='word_1_36' title='bbox 339 872 436 912; x_wconf 83' lang='lat' dir='ltr'><strong>coram</strong></span> <span class='ocrx_word' id='word_1_37' title='bbox 450 872 479 911; x_wconf 79' lang='lat' dir='ltr'><strong>ee</strong></span> <span class='ocrx_word' id='word_1_38' title='bbox 493 864 614 933; x_wconf 80' lang='lat' dir='ltr'><strong>utroque</strong></span> <span class='ocrx_word' id='word_1_39' title='bbox 632 873 711 932; x_wconf 84' lang='lat' dir='ltr'><strong>genu</strong></span> <span class='ocrx_word' id='word_1_40' title='bbox 722 856 817 935; x_wconf 75' lang='lat' dir='ltr'><strong>flexo,</strong></span> <span class='ocrx_word' id='word_1_41' title='bbox 832 857 865 914; x_wconf 83' lang='lat' dir='ltr'><strong>a&#39;n</strong></span> <span class='ocrx_word' id='word_1_42' title='bbox 880 856 998 914; x_wconf 74' lang='lat' dir='ltr'><strong>laramero</strong></span> 
     </span>
     <span class='ocr_line' id='line_1_7' title="bbox 79 956 997 1037; baseline 0.001 -21"><span class='ocrx_word' id='word_1_43' title='bbox 79 958 126 1037; x_wconf 83' lang='lat' dir='ltr'><strong>(si</strong></span> <span class='ocrx_word' id='word_1_44' title='bbox 146 958 196 1017; x_wconf 81' lang='lat' dir='ltr'><strong>vir</strong></span> <span class='ocrx_word' id='word_1_45' title='bbox 204 956 314 1037; x_wconf 67' lang='lat' dir='ltr'><strong>facem)</strong></span> <span class='ocrx_word' id='word_1_46' title='bbox 327 968 421 1037; x_wconf 71' lang='lat' dir='ltr'><strong>&#39;aesque</strong></span> <span class='ocrx_word' id='word_1_47' title='bbox 442 957 481 1018; x_wconf 83' lang='lat' dir='ltr'><strong>ad</strong></span> <span class='ocrx_word' id='word_1_48' title='bbox 502 960 652 1018; x_wconf 83' lang='lat' dir='ltr'><strong>comiciam</strong></span> <span class='ocrx_word' id='word_1_49' title='bbox 673 960 823 1019; x_wconf 72' lang='lat' dir='ltr'><strong>cactucioc</strong></span> <span class='ocrx_word' id='word_1_50' title='bbox 844 961 997 1029; x_wconf 79' lang='lat' dir='ltr'><strong>denudato,</strong></span> 
     </span>
     <span class='ocr_line' id='line_1_8' title="bbox 78 1063 999 1144; baseline 0.001 -19"><span class='ocrx_word' id='word_1_51' title='bbox 78 1063 175 1141; x_wconf 82' lang='lat' dir='ltr'><strong>virga</strong></span> <span class='ocrx_word' id='word_1_52' title='bbox 185 1063 504 1144; x_wconf 79' lang='lat' dir='ltr'><strong>autsnniculicsedenr</strong></span> <span class='ocrx_word' id='word_1_53' title='bbox 516 1065 759 1143; x_wconf 81' lang='lat' dir='ltr'><strong>leviterpercutit‚</strong></span> <span class='ocrx_word' id='word_1_54' title='bbox 770 1066 892 1125; x_wconf 81' lang='lat' dir='ltr'><strong>dicendo</strong></span> <span class='ocrx_word' id='word_1_55' title='bbox 903 1074 999 1126; x_wconf 83' lang='lat' dir='ltr'><strong>totum</strong></span> 
     </span>
     <span class='ocr_line' id='line_1_9' title="bbox 78 1163 998 1241; baseline 0.001 -12"><span class='ocrx_word' id='word_1_56' title='bbox 78 1163 246 1229; x_wconf 72' lang='lat' dir='ltr'><strong>Peolmnm</strong></span> <span class='ocrx_word' id='word_1_57' title='bbox 255 1168 404 1230; x_wconf 89' lang='lat' dir='ltr'><strong>Miserere</strong></span> <span class='ocrx_word' id='word_1_58' title='bbox 412 1171 574 1240; x_wconf 82' lang='lat' dir='ltr'><strong>metDeus,</strong></span> <span class='ocrx_word' id='word_1_59' title='bbox 582 1176 715 1230; x_wconf 83' lang='lat' dir='ltr'><strong>etc.cnm</strong></span> <span class='ocrx_word' id='word_1_60' title='bbox 724 1171 828 1231; x_wconf 87' lang='lat' dir='ltr'><strong>Gloria</strong></span> <span class='ocrx_word' id='word_1_61' title='bbox 836 1171 930 1241; x_wconf 91' lang='lat' dir='ltr'><strong>Patri,</strong></span> <span class='ocrx_word' id='word_1_62' title='bbox 939 1182 998 1232; x_wconf 88' lang='lat' dir='ltr'><strong>etc.</strong></span> 
     </span>
     <span class='ocr_line' id='line_1_10' title="bbox 78 1273 734 1354; baseline 0.005 -22"><span class='ocrx_word' id='word_1_63' title='bbox 78 1278 88 1325; x_wconf 74' lang='grc' dir='ltr'><strong>’ἴ</strong></span> <span class='ocrx_word' id='word_1_64' title='bbox 123 1273 243 1333; x_wconf 78' lang='lat' dir='ltr'><strong><em>Deinde</em></strong></span> <span class='ocrx_word' id='word_1_65' title='bbox 255 1275 363 1352; x_wconf 71' lang='lat' dir='ltr'><strong>surgit,</strong></span> <span class='ocrx_word' id='word_1_66' title='bbox 379 1283 406 1334; x_wconf 84' lang='lat' dir='ltr'><strong>et</strong></span> <span class='ocrx_word' id='word_1_67' title='bbox 420 1283 519 1354; x_wconf 83' lang='lat' dir='ltr'><strong>aperto</strong></span> <span class='ocrx_word' id='word_1_68' title='bbox 534 1276 627 1354; x_wconf 81' lang='lat' dir='ltr'><strong>eapite</strong></span> <span class='ocrx_word' id='word_1_69' title='bbox 642 1276 734 1335; x_wconf 74' lang='lat' dir='ltr'><strong>nteit.-</strong></span> 
     </span>
    </p>

    <p class='ocr_par' dir='ltr' id='par_1_4' title="bbox 123 1377 673 1469">
     <span class='ocr_line' id='line_1_11' title="bbox 123 1377 673 1469; baseline 0 -28"><span class='ocrx_word' id='word_1_70' title='bbox 123 1380 224 1462; x_wconf 83' lang='lat' dir='ltr'><strong>Kyrie</strong></span> <span class='ocrx_word' id='word_1_71' title='bbox 238 1381 363 1442; x_wconf 90' lang='lat' dir='ltr'><strong>eleison.</strong></span> <span class='ocrx_word' id='word_1_72' title='bbox 384 1377 506 1442; x_wconf 87' lang='lat' dir='ltr'><strong>Christe</strong></span> <span class='ocrx_word' id='word_1_73' title='bbox 520 1382 673 1469; x_wconf 51' lang='lat' dir='ltr'><strong>eleison..⁴</strong></span> 
     </span>
    </p>

    <p class='ocr_par' dir='ltr' id='par_1_5' title="bbox 123 1462 819 1568">
     <span class='ocr_line' id='line_1_12' title="bbox 123 1462 819 1568; baseline 0 -22"><span class='ocrx_word' id='word_1_74' title='bbox 123 1486 222 1568; x_wconf 87' lang='lat' dir='ltr'><strong>Kyrie</strong></span> <span class='ocrx_word' id='word_1_75' title='bbox 242 1487 367 1547; x_wconf 83' lang='lat' dir='ltr'><strong>eleison.</strong></span> <span class='ocrx_word' id='word_1_76' title='bbox 678 1462 780 1535; x_wconf 35' lang='lat'><strong>“⁶⁴2</strong></span> <span class='ocrx_word' id='word_1_77' title='bbox 815 1542 819 1553; x_wconf 85' lang='grc'><strong>,</strong></span> 
     </span>
    </p>

    <p class='ocr_par' dir='ltr' id='par_1_6' title="bbox 106 1588 998 1675">
     <span class='ocr_line' id='line_1_13' title="bbox 106 1588 998 1675; baseline -0.002 -23"><span class='ocrx_word' id='word_1_78' title='bbox 106 1594 219 1675; x_wconf 63' lang='grc' dir='ltr'><strong>ΙΡαὶετ</strong></span> <span class='ocrx_word' id='word_1_79' title='bbox 232 1600 346 1653; x_wconf 92' lang='lat' dir='ltr'><strong>noster.</strong></span> <span class='ocrx_word' id='word_1_80' title='bbox 367 1588 406 1667; x_wconf 61' lang='lat' dir='ltr'><strong>Ji.</strong></span> <span class='ocrx_word' id='word_1_81' title='bbox 428 1594 470 1653; x_wconf 91' lang='lat' dir='ltr'><strong>Et</strong></span> <span class='ocrx_word' id='word_1_82' title='bbox 483 1613 521 1653; x_wconf 88' lang='lat' dir='ltr'><strong>ne</strong></span> <span class='ocrx_word' id='word_1_83' title='bbox 534 1611 588 1653; x_wconf 89' lang='lat' dir='ltr'><strong>nos</strong></span> <span class='ocrx_word' id='word_1_84' title='bbox 602 1593 729 1654; x_wconf 85' lang='lat' dir='ltr'>inducas</span> <span class='ocrx_word' id='word_1_85' title='bbox 743 1594 774 1654; x_wconf 87' lang='lat' dir='ltr'><strong>in</strong></span> <span class='ocrx_word' id='word_1_86' title='bbox 789 1593 998 1655; x_wconf 80' lang='lat' dir='ltr'><strong>tentationem.</strong></span> 
     </span>
    </p>

    <p class='ocr_par' dir='ltr' id='par_1_7' title="bbox 123 1679 563 1768">
     <span class='ocr_line' id='line_1_14' title="bbox 123 1679 563 1768; baseline 0 -10"><span class='ocrx_word' id='word_1_87' title='bbox 123 1679 164 1768; x_wconf 60' lang='grc' dir='ltr'><strong>Ιῧ.</strong></span> <span class='ocrx_word' id='word_1_88' title='bbox 188 1699 247 1758; x_wconf 85' lang='lat' dir='ltr'><strong>Sed</strong></span> <span class='ocrx_word' id='word_1_89' title='bbox 261 1699 357 1758; x_wconf 78' lang='lat' dir='ltr'><strong>libera</strong></span> <span class='ocrx_word' id='word_1_90' title='bbox 370 1718 425 1758; x_wconf 90' lang='lat' dir='ltr'><strong>nos</strong></span> <span class='ocrx_word' id='word_1_91' title='bbox 441 1698 459 1756; x_wconf 70' lang='grc' dir='ltr'><em>ὲ</em></span> <span class='ocrx_word' id='word_1_92' title='bbox 473 1699 563 1758; x_wconf 87' lang='lat' dir='ltr'><strong>maio.</strong></span> 
     </span>
    </p>

    <p class='ocr_par' dir='ltr' id='par_1_8' title="bbox 78 1794 1017 1989">
     <span class='ocr_line' id='line_1_15' title="bbox 123 1794 1017 1884; baseline 0.003 -21"><span class='ocrx_word' id='word_1_93' title='bbox 123 1795 167 1873; x_wconf 59' lang='lat' dir='ltr'><strong>W.</strong></span> <span class='ocrx_word' id='word_1_94' title='bbox 189 1804 382 1864; x_wconf 85' lang='lat' dir='ltr'><strong>Salvumfac</strong></span> <span class='ocrx_word' id='word_1_95' title='bbox 405 1794 524 1864; x_wconf 73' lang='lat' dir='ltr'><strong>sernum</strong></span> <span class='ocrx_word' id='word_1_96' title='bbox 548 1810 634 1864; x_wconf 89' lang='lat' dir='ltr'><strong>tuum</strong></span> <span class='ocrx_word' id='word_1_97' title='bbox 656 1804 716 1884; x_wconf 85' lang='lat' dir='ltr'><strong>(vel</strong></span> <span class='ocrx_word' id='word_1_98' title='bbox 738 1802 884 1879; x_wconf 77' lang='lat' dir='ltr'><strong>ancillam¹</strong></span> <span class='ocrx_word' id='word_1_99' title='bbox 902 1800 1017 1880; x_wconf 84' lang='lat' dir='ltr'><strong>tuam).</strong></span> 
     </span>
     <span class='ocr_line' id='line_1_16' title="bbox 78 1906 767 1989; baseline -0.01 -18"><span class='ocrx_word' id='word_1_100' title='bbox 78 1909 227 1972; x_wconf 87' lang='lat' dir='ltr'><strong>Domine.</strong></span> <span class='ocrx_word' id='word_1_101' title='bbox 247 1906 277 1985; x_wconf 64' lang='lat'><strong>132</strong></span> <span class='ocrx_word' id='word_1_102' title='bbox 297 1910 380 1969; x_wconf 90' lang='lat' dir='ltr'><strong>Deus</strong></span> <span class='ocrx_word' id='word_1_103' title='bbox 395 1929 480 1968; x_wconf 91' lang='lat' dir='ltr'><strong>meus</strong></span> <span class='ocrx_word' id='word_1_104' title='bbox 495 1915 665 1989; x_wconf 84' lang='lat' dir='ltr'><strong>sperantem</strong></span> <span class='ocrx_word' id='word_1_105' title='bbox 680 1908 712 1967; x_wconf 93' lang='lat' dir='ltr'><strong>in</strong></span> <span class='ocrx_word' id='word_1_106' title='bbox 726 1915 767 1968; x_wconf 90' lang='lat' dir='ltr'><strong>te.</strong></span> 
     </span>
    </p>

    <p class='ocr_par' dir='ltr' id='par_1_9' title="bbox 123 2005 874 2093">
     <span class='ocr_line' id='line_1_17' title="bbox 123 2005 874 2093; baseline -0.001 -21"><span class='ocrx_word' id='word_1_107' title='bbox 123 2005 167 2083; x_wconf 59' lang='lat' dir='ltr'><strong>W.</strong></span> <span class='ocrx_word' id='word_1_108' title='bbox 188 2013 275 2073; x_wconf 90' lang='lat' dir='ltr'><strong>Nihil</strong></span> <span class='ocrx_word' id='word_1_109' title='bbox 289 2014 428 2093; x_wconf 85' lang='lat' dir='ltr'><strong>proficiat</strong></span> <span class='ocrx_word' id='word_1_110' title='bbox 441 2012 583 2071; x_wconf 89' lang='lat' dir='ltr'><strong>inimicus</strong></span> <span class='ocrx_word' id='word_1_111' title='bbox 599 2012 681 2069; x_wconf 93' lang='lat' dir='ltr'><strong>ineo</strong></span> <span class='ocrx_word' id='word_1_112' title='bbox 697 2010 757 2091; x_wconf 84' lang='lat' dir='ltr'><strong>(nel</strong></span> <span class='ocrx_word' id='word_1_113' title='bbox 770 2010 801 2069; x_wconf 88' lang='lat' dir='ltr'><strong>in</strong></span> <span class='ocrx_word' id='word_1_114' title='bbox 817 2010 874 2089; x_wconf 86' lang='lat' dir='ltr'><strong>ea.)</strong></span> 
     </span>
    </p>

    <p class='ocr_par' dir='ltr' id='par_1_10' title="bbox 123 2111 902 2200">
     <span class='ocr_line' id='line_1_18' title="bbox 123 2111 902 2200; baseline -0.003 -21"><span class='ocrx_word' id='word_1_115' title='bbox 123 2111 164 2200; x_wconf 62' lang='grc' dir='ltr'><strong>Β).</strong></span> <span class='ocrx_word' id='word_1_116' title='bbox 184 2119 227 2179; x_wconf 86' lang='lat' dir='ltr'><strong>Et</strong></span> <span class='ocrx_word' id='word_1_117' title='bbox 239 2117 321 2178; x_wconf 89' lang='lat' dir='ltr'><strong>filius</strong></span> <span class='ocrx_word' id='word_1_118' title='bbox 335 2117 505 2198; x_wconf 87' lang='lat' dir='ltr'><strong>iniquitatis</strong></span> <span class='ocrx_word' id='word_1_119' title='bbox 519 2136 579 2176; x_wconf 92' lang='lat' dir='ltr'><strong>non</strong></span> <span class='ocrx_word' id='word_1_120' title='bbox 595 2124 726 2197; x_wconf 87' lang='lat' dir='ltr'><strong>apponat</strong></span> <span class='ocrx_word' id='word_1_121' title='bbox 739 2137 848 2178; x_wconf 87' lang='lat' dir='ltr'><strong>nocere</strong></span> <span class='ocrx_word' id='word_1_122' title='bbox 863 2117 902 2178; x_wconf 90' lang='lat' dir='ltr'><strong>ei.</strong></span> 
     </span>
    </p>

    <p class='ocr_par' dir='ltr' id='par_1_11' title="bbox 122 2221 769 2300">
     <span class='ocr_line' id='line_1_19' title="bbox 122 2221 769 2300; baseline -0.005 -16"><span class='ocrx_word' id='word_1_123' title='bbox 122 2221 167 2300; x_wconf 63' lang='grc'><strong>77.</strong></span> <span class='ocrx_word' id='word_1_124' title='bbox 188 2224 263 2284; x_wconf 82' lang='lat' dir='ltr'><strong>Esto</strong></span> <span class='ocrx_word' id='word_1_125' title='bbox 278 2223 305 2283; x_wconf 85' lang='lat' dir='ltr'><strong>ei</strong></span> <span class='ocrx_word' id='word_1_126' title='bbox 321 2223 449 2283; x_wconf 90' lang='lat' dir='ltr'><strong>Domine</strong></span> <span class='ocrx_word' id='word_1_127' title='bbox 464 2223 555 2283; x_wconf 91' lang='lat' dir='ltr'><strong>turris</strong></span> <span class='ocrx_word' id='word_1_128' title='bbox 570 2221 769 2283; x_wconf 82' lang='lat' dir='ltr'><strong>fortitudinis.</strong></span> 
     </span>
    </p>

    <p class='ocr_par' dir='ltr' id='par_1_12' title="bbox 123 2322 446 2410">
     <span class='ocr_line' id='line_1_20' title="bbox 123 2322 446 2410; baseline -0.009 -19"><span class='ocrx_word' id='word_1_129' title='bbox 123 2322 165 2410; x_wconf 58' lang='lat'><strong>12.</strong></span> <span class='ocrx_word' id='word_1_130' title='bbox 186 2331 216 2390; x_wconf 81' lang='lat' dir='ltr'>A</span> <span class='ocrx_word' id='word_1_131' title='bbox 229 2330 307 2390; x_wconf 83' lang='lat' dir='ltr'><strong>facie</strong></span> <span class='ocrx_word' id='word_1_132' title='bbox 321 2329 446 2389; x_wconf 90' lang='lat' dir='ltr'><strong>inimici.</strong></span> 
     </span>
    </p>

    <p class='ocr_par' dir='ltr' id='par_1_13' title="bbox 122 2434 743 2511">
     <span class='ocr_line' id='line_1_21' title="bbox 122 2434 743 2511; baseline -0.003 -17"><span class='ocrx_word' id='word_1_133' title='bbox 122 2445 167 2511; x_wconf 66' lang='grc' dir='ltr'><strong>γ.</strong></span> <span class='ocrx_word' id='word_1_134' title='bbox 188 2435 317 2494; x_wconf 90' lang='lat' dir='ltr'><strong>Domine</strong></span> <span class='ocrx_word' id='word_1_135' title='bbox 332 2435 440 2499; x_wconf 87' lang='lat' dir='ltr'><strong>exaudi</strong></span> <span class='ocrx_word' id='word_1_136' title='bbox 455 2434 622 2500; x_wconf 87' lang='lat' dir='ltr'><strong>orationem</strong></span> <span class='ocrx_word' id='word_1_137' title='bbox 636 2455 743 2495; x_wconf 90' lang='lat' dir='ltr'><strong>meam.</strong></span> 
     </span>
    </p>

    <p class='ocr_par' dir='ltr' id='par_1_14' title="bbox 123 2532 761 2621">
     <span class='ocr_line' id='line_1_22' title="bbox 123 2532 761 2621; baseline -0.005 -21"><span class='ocrx_word' id='word_1_138' title='bbox 123 2532 165 2621; x_wconf 68' lang='lat' dir='ltr'><strong>B).</strong></span> <span class='ocrx_word' id='word_1_139' title='bbox 186 2542 228 2602; x_wconf 76' lang='lat' dir='ltr'><strong>Et</strong></span> <span class='ocrx_word' id='word_1_140' title='bbox 241 2541 355 2601; x_wconf 88' lang='lat' dir='ltr'><strong>clamor</strong></span> <span class='ocrx_word' id='word_1_141' title='bbox 368 2559 452 2599; x_wconf 89' lang='lat' dir='ltr'><strong>meus</strong></span> <span class='ocrx_word' id='word_1_142' title='bbox 467 2539 505 2599; x_wconf 91' lang='lat' dir='ltr'><strong>ad</strong></span> <span class='ocrx_word' id='word_1_143' title='bbox 522 2544 553 2600; x_wconf 84' lang='lat' dir='ltr'><strong>te</strong></span> <span class='ocrx_word' id='word_1_144' title='bbox 568 2539 680 2601; x_wconf 85' lang='lat' dir='ltr'><strong>veniat.</strong></span> <span class='ocrx_word' id='word_1_145' title='bbox 758 2592 761 2597; x_wconf 91' lang='lat'><strong>.</strong></span> 
     </span>
    </p>

    <p class='ocr_par' dir='ltr' id='par_1_15' title="bbox 123 2638 519 2721">
     <span class='ocr_line' id='line_1_23' title="bbox 123 2638 519 2721; baseline -0.008 -14"><span class='ocrx_word' id='word_1_146' title='bbox 123 2644 169 2721; x_wconf 64' lang='lat'><strong>77.</strong></span> <span class='ocrx_word' id='word_1_147' title='bbox 189 2638 519 2706; x_wconf 60' lang='lat' dir='ltr'><strong>Dominus⁸vobiscum</strong></span> 
     </span>
    </p>

    <p class='ocr_par' dir='ltr' id='par_1_16' title="bbox 124 2751 512 2833">
     <span class='ocr_line' id='line_1_24' title="bbox 124 2751 512 2833; baseline -0.005 -21"><span class='ocrx_word' id='word_1_148' title='bbox 124 2752 164 2829; x_wconf 66' lang='lat' dir='ltr'><strong>D.</strong></span> <span class='ocrx_word' id='word_1_149' title='bbox 187 2752 311 2812; x_wconf 87' lang='lat' dir='ltr'><strong>Etcum</strong></span> <span class='ocrx_word' id='word_1_150' title='bbox 327 2751 434 2833; x_wconf 91' lang='lat' dir='ltr'><strong>spiritu</strong></span> <span class='ocrx_word' id='word_1_151' title='bbox 450 2758 512 2811; x_wconf 89' lang='lat' dir='ltr'><strong>tuo.</strong></span> 
     </span>
    </p>
   </div>
   <div class='ocr_carea' id='block_1_4' title="bbox 482 2909 606 2950">
    <p class='ocr_par' dir='ltr' id='par_1_17' title="bbox 482 2909 606 2950">
     <span class='ocr_line' id='line_1_25' title="bbox 482 2909 606 2950; baseline -0.008 -1"><span class='ocrx_word' id='word_1_152' title='bbox 482 2909 606 2950; x_wconf 82' lang='lat' dir='ltr'><strong>OREMUS.</strong></span> 
     </span>
    </p>
   </div>
   <div class='ocr_carea' id='block_1_5' title="bbox 105 3024 1002 3319">
    <p class='ocr_par' dir='ltr' id='par_1_18' title="bbox 105 3024 1002 3319">
     <span class='ocr_line' id='line_1_26' title="bbox 164 3024 1001 3108; baseline 0.001 -21"><span class='ocrx_word' id='word_1_153' title='bbox 164 3026 256 3096; x_wconf 69' lang='grc' dir='ltr'><strong>ΕΗΒ,</strong></span> <span class='ocrx_word' id='word_1_154' title='bbox 277 3027 327 3087; x_wconf 92' lang='lat' dir='ltr'><strong>cui</strong></span> <span class='ocrx_word' id='word_1_155' title='bbox 347 3025 500 3106; x_wconf 90' lang='lat' dir='ltr'><strong>proprium</strong></span> <span class='ocrx_word' id='word_1_156' title='bbox 518 3032 566 3086; x_wconf 85' lang='lat' dir='ltr'><strong>est</strong></span> <span class='ocrx_word' id='word_1_157' title='bbox 586 3024 721 3087; x_wconf 85' lang='lat' dir='ltr'><strong>misereri</strong></span> <span class='ocrx_word' id='word_1_158' title='bbox 743 3047 861 3108; x_wconf 88' lang='lat' dir='ltr'><strong>semper</strong></span> <span class='ocrx_word' id='word_1_159' title='bbox 881 3033 911 3088; x_wconf 91' lang='lat' dir='ltr'><strong>et</strong></span> <span class='ocrx_word' id='word_1_160' title='bbox 932 3049 1001 3107; x_wconf 86' lang='lat' dir='ltr'><strong>par·-</strong></span> 
     </span>
     <span class='ocr_line' id='line_1_27' title="bbox 182 3131 999 3214; baseline 0.001 -21"><span class='ocrx_word' id='word_1_161' title='bbox 182 3151 263 3202; x_wconf 87' lang='lat' dir='ltr'><strong>cere,</strong></span> <span class='ocrx_word' id='word_1_162' title='bbox 285 3131 404 3213; x_wconf 86' lang='lat' dir='ltr'><strong>suscipe</strong></span> <span class='ocrx_word' id='word_1_163' title='bbox 426 3132 670 3214; x_wconf 86' lang='lat' dir='ltr'><strong>deprecationem</strong></span> <span class='ocrx_word' id='word_1_164' title='bbox 692 3139 844 3205; x_wconf 88' lang='lat' dir='ltr'><strong>nostram;</strong></span> <span class='ocrx_word' id='word_1_165' title='bbox 865 3139 901 3194; x_wconf 88' lang='lat' dir='ltr'><strong>ut</strong></span> <span class='ocrx_word' id='word_1_166' title='bbox 920 3132 999 3194; x_wconf 86' lang='lat' dir='ltr'><strong>hunc</strong></span> 
     </span>
     <span class='ocr_line' id='line_1_28' title="bbox 105 3232 1002 3319; baseline 0.001 -20"><span class='ocrx_word' id='word_1_167' title='bbox 105 3232 235 3311; x_wconf 66' lang='lat' dir='ltr'><strong>tmolum</strong></span> <span class='ocrx_word' id='word_1_168' title='bbox 263 3246 359 3310; x_wconf 86' lang='lat' dir='ltr'><strong>tuum,</strong></span> <span class='ocrx_word' id='word_1_169' title='bbox 385 3260 475 3319; x_wconf 92' lang='lat' dir='ltr'><strong>quem</strong></span> <span class='ocrx_word' id='word_1_170' title='bbox 502 3239 822 3301; x_wconf 82' lang='lat' dir='ltr'><strong>excommunicationis</strong></span> <span class='ocrx_word' id='word_1_171' title='bbox 850 3239 1002 3301; x_wconf 85' lang='lat' dir='ltr'><strong>sententia</strong></span> 
     </span>
    </p>
   </div>
   <div class='ocr_carea' id='block_1_6' title="bbox 78 3344 1001 3531">
    <p class='ocr_par' dir='ltr' id='par_1_19' title="bbox 78 3344 1001 3531">
     <span class='ocr_line' id='line_1_29' title="bbox 78 3344 1001 3501; baseline -0.003 -94"><span class='ocrx_word' id='word_1_172' title='bbox 78 3360 88 3501; x_wconf 64' lang='lat' dir='ltr'><strong>p</strong></span> <span class='ocrx_word' id='word_1_173' title='bbox 109 3344 282 3427; x_wconf 56' lang='lat' dir='ltr'><strong>affingit,</strong></span> <span class='ocrx_word' id='word_1_174' title='bbox 296 3345 449 3427; x_wconf 84' lang='lat' dir='ltr'><strong>miseratio</strong></span> <span class='ocrx_word' id='word_1_175' title='bbox 465 3350 525 3406; x_wconf 78' lang='lat' dir='ltr'><strong>tnae</strong></span> <span class='ocrx_word' id='word_1_176' title='bbox 540 3346 660 3428; x_wconf 87' lang='lat' dir='ltr'><strong>pietatis</strong></span> <span class='ocrx_word' id='word_1_177' title='bbox 675 3347 842 3408; x_wconf 88' lang='lat' dir='ltr'><strong>clementer</strong></span> <span class='ocrx_word' id='word_1_178' title='bbox 855 3347 1001 3409; x_wconf 85' lang='lat' dir='ltr'><strong>absolvat.</strong></span> 
     </span>
     <span class='ocr_line' id='line_1_30' title="bbox 78 3432 850 3531; baseline 0.006 -21"><span class='ocrx_word' id='word_1_179' title='bbox 78 3506 82 3531; x_wconf 40' lang='grc' dir='ltr'><strong>ί</strong></span> <span class='ocrx_word' id='word_1_180' title='bbox 101 3432 321 3513; x_wconf 58' lang='lat' dir='ltr'><strong>homnium</strong></span> <span class='ocrx_word' id='word_1_181' title='bbox 335 3452 497 3513; x_wconf 90' lang='lat' dir='ltr'><strong>Dominum</strong></span> <span class='ocrx_word' id='word_1_182' title='bbox 513 3459 660 3514; x_wconf 87' lang='lat' dir='ltr'><strong>nostrum.</strong></span> <span class='ocrx_word' id='word_1_183' title='bbox 679 3437 718 3524; x_wconf 54' lang='lat' dir='ltr'><strong>lt.</strong></span> <span class='ocrx_word' id='word_1_184' title='bbox 739 3454 850 3517; x_wconf 79' lang='lat' dir='ltr'><strong>Amen.</strong></span> 
     </span>
    </p>
   </div>
   <div class='ocr_carea' id='block_1_7' title="bbox 78 3544 835 3639">
    <p class='ocr_par' dir='ltr' id='par_1_20' title="bbox 78 3544 835 3639">
     <span class='ocr_line' id='line_1_31' title="bbox 78 3544 835 3639; baseline 0.004 -24"><span class='ocrx_word' id='word_1_185' title='bbox 78 3544 80 3565; x_wconf 91' lang='lat'>&#39;</span> <span class='ocrx_word' id='word_1_186' title='bbox 128 3546 206 3618; x_wconf 68' lang='lat' dir='ltr'><strong>Moe</strong></span> <span class='ocrx_word' id='word_1_187' title='bbox 216 3550 350 3631; x_wconf 61' lang='lat' dir='ltr'><strong>sedetet</strong></span> <span class='ocrx_word' id='word_1_188' title='bbox 363 3565 497 3639; x_wconf 81' lang='lat' dir='ltr'><strong>cooperto</strong></span> <span class='ocrx_word' id='word_1_189' title='bbox 511 3558 605 3638; x_wconf 81' lang='lat' dir='ltr'><strong>eapite</strong></span> <span class='ocrx_word' id='word_1_190' title='bbox 619 3558 711 3618; x_wconf 78' lang='lat' dir='ltr'><strong>dicit:</strong></span> <span class='ocrx_word' id='word_1_191' title='bbox 819 3550 835 3589; x_wconf 43' lang='grc' dir='ltr'>ᾖ</span> 
     </span>
    </p>
   </div>
   <div class='ocr_carea' id='block_1_8' title="bbox 0 0 1126 4006">
    <p class='ocr_par' dir='ltr' id='par_1_21' title="bbox 0 0 1126 4006">
     <span class='ocr_line' id='line_1_32' title="bbox 0 0 1126 4006; baseline 0 0"><span class='ocrx_word' id='word_1_192' title='bbox 0 0 1126 4006; x_wconf 95' lang='lat' dir='ltr'><strong> </strong></span> 
     </span>
    </p>
   </div>
  </div>
 </body>
</html>
