2234 4006
167 1099 369 1162 AROCHUS
384 1062 564 1161 admonitus
584 1099 623 1159 de
645 1098 748 1199 aliquo
768 1101 988 1165 matrimonio
971 1126 1032 1173 ιιι,

95 1104 165 1258 P
187 1203 242 1243 sua
261 1178 408 1241 Pa'rochia
423 1166 640 1249 contrahendo,
654 1179 781 1259 primum
799 1202 834 1243 co
835 1192 961 1264 gnoscat
975 1206 1024 1249 ex
1031 1180 1074 1257 4

96 1265 144 1324 his
159 1262 198 1324 ιιι
219 1280 295 1342 quos
309 1266 439 1341 spectat,
453 1259 507 1339 qui
528 1265 561 1320 et
574 1261 680 1338 quales
698 1260 771 1331 sint,
786 1262 839 1341 qui
835 1203 1012 1328 gmatrimo-
1072 1316 1074 1321 .

97 1344 183 1405 ιιιιιιι
208 1341 385 1404 contrahere
409 1339 535 1400 volunt:
564 1340 615 1399 An
641 1339 723 1400 inter
747 1362 798 1403 eos
824 1343 864 1405 sit
888 1344 1098 1426 aliquod*
1090 1384 1115 1413 »z

99 1423 289 1485 Cononicum
316 1421 584 1502 impedimentum.
608 1420 735 1482 Utrum
763 1425 881 1506 sponte,
908 1427 1014 1500 libere,
1078 1408 1105 1441 ⁴'

98 1513 131 1566 et
156 1500 321 1565 secundum
346 1501 533 1561 honestatem
559 1500 747 1563 Sacramenti
771 1505 869 1566 velint
893 1516 1014 1569 coutra-

98 1586 190 1646 here:
231 1581 342 1661 Utrum
364 1581 453 1643 sint
445 1601 477 1641 ιιι
499 1589 538 1642 aet
525 1589 587 1642 tate
609 1581 762 1663 legitima3
783 1591 818 1647 ut
837 1586 885 1646 vir
905 1589 1014 1648 saltem

99 1663 341 1757 quatuordecim,
353 1650 463 1721 mulier
472 1681 545 1721 vero
534 1661 716 1725 duodecim
728 1684 823 1725 annos
833 1667 1062 1758 expleverit,

98 1753 131 1808 et
145 1753 274 1824 uterque
289 1743 367 1805 sciat
379 1741 552 1803 rudimenta
565 1742 663 1813 Fidei,
679 1745 746 1803 eum
756 1763 796 1804 ea
809 1744 920 1806 deinde
933 1745 1014 1810 filios

98 1839 170 1888 suos
184 1824 296 1886 docere
309 1824 449 1884 debeant

138 1905 272 1967 Noverit
290 1923 329 1964 ex
341 1901 474 1996 probatis
489 1901 685 1973 Auctoribus,
699 1922 768 1982 quae
782 1902 845 1964 sint
858 1904 1015 1971 Cononica

97 1986 317 2079 impedimenta
343 1982 526 2045 matrimonii
553 1982 760 2053 contrahendi,
786 1988 836 2044 et
845 2005 913 2080 quas
941 2009 1014 2049 con-

96 2074 231 2130 tractum
245 2065 407 2126 dirimant·
398 2106 408 2135 ‚
429 2069 461 2124 et
474 2062 527 2142 qui
541 2062 604 2123 sint
617 2063 729 2159 gradm
744 2066 1014 2159 consanguinitatis

98 2155 131 2210 et
151 2145 319 2242 affinitatis,
334 2144 392 2207 et
385 2166 395 2204 ι
398 2150 459 2204 tem
480 2142 667 2237 cognationis
687 2145 776 2225 spirit
763 2146 853 2207 tualis
874 2167 913 2209 ex
932 2149 1015 2233 Bap-

99 2228 188 2292 tismi
197 2227 248 2289 rel
263 2224 509 2319 Confirmationis
524 2225 719 2286 Sacramenta
734 2235 906 2289 contracte.

141 2306 292 2369 Habeat
281 2325 315 2367 ιιι
324 2305 442 2400 'primis
459 2305 527 2398 ipse
546 2305 623 2366 bene
644 2305 764 2405 cognita
782 2317 938 2402 precepta
960 2309 1016 2372 illa

100 2389 214 2458 omnio,
234 2406 302 2467 quae
323 2386 355 2446 in
381 2385 578 2447 matrimoniis
603 2385 662 2446 rite
682 2387 880 2486 copficiendis
901 2392 1016 2453 servari

99 2478 252 2538 cortone,
266 2467 346 2529 sacri
366 2467 518 2536 Canones,
532 2472 564 2527 et
581 2467 732 2549 praecipue
746 2474 852 2529 sancta
869 2469 1014 2561 Synodus

99 2491 157 2610 ἰιι
148 2548 316 2610 dentina
304 2547 415 2689 ιιιιῒιιι
436 2547 580 2625 dabitque
600 2567 720 2626 operam
736 2556 772 2610 ut
792 2548 875 2608 illu
867 2567 900 2608 m
919 2549 1015 2612 Paro·

100 2631 170 2692 chia
183 2648 241 2690 sua
256 2627 396 2690 accurate
409 2647 483 2689 exao
485 2634 588 2720 teque·
590 2636 759 2687 serventur.

49 2762 60 2781 ,
140 2709 317 2771 Praesertim
336 2706 411 2769 vero
434 2706 606 2768 meminerit
628 2706 819 2800 matrimonia
841 2705 921 2768 inter
945 2731 1015 2793 rap-

98 2798 200 2853 torem
213 2795 254 2851 et
244 2796 386 2883 raptam
401 2787 494 2851 dum
486 2807 553 2867 ipsa
572 2787 747 2868 inrupturis
766 2794 916 2868 potestate
929 2811 1015 2853 man-

100 2870 189 2942 serit,
209 2869 297 2941 inita,
316 2888 436 2930 necnon
462 2866 663 2937 clandestina,
684 2875 716 2928 et
740 2868 886 2947 quaelibet
911 2872 1016 2935 matri-

99 2951 213 3020 monio,
235 2970 303 3030 quae
323 2949 413 3011 aliter
432 2955 526 3027 quam
547 2954 696 3088 praesente
718 2947 864 3021 Parocho,
884 2954 934 3013 vel
955 2953 1015 3014 alio

102 3031 270 3094 Sacerdote
289 3030 348 3092 de
340 3029 435 3124 ipsius
455 3029 550 3089 Paroc
572 3027 646 3088 ivel
667 3028 820 3090 Ordiuarii
833 3031 969 3105 licentio,
984 3043 1017 3095 et

48 3154 59 3171 .
101 3113 220 3174 duobus
243 3111 293 3172 vel
321 3113 418 3171 tribus
445 3105 573 3170 testibus
601 3115 671 3170 cont
659 3108 829 3181 trahuntur,
854 3131 893 3172 ex
919 3114 1015 3197 ipsius

103 3192 235 3254 Concilii
256 3191 368 3252 de'cret
349 3200 388 3252 ιιι
407 3190 493 3250 irrita
512 3189 634 3250 omnino
655 3211 690 3251 ac
704 3192 797 3285 ‘nulla
816 3213 893 3253 esse.

139 3275 200 3334 Est
213 3267 313 3333 autem
333 3271 490 3414 prqprius
492 3271 646 3331 Parochus
660 3271 713 3351 qui
733 3272 840 3334 adesse
861 3274 1014 3368 debetis,

103 3352 134 3412 in
153 3355 242 3434 cujus
263 3352 409 3414 Parochia
429 3350 649 3414 matrimonium
671 3353 851 3425 celebratur,
873 3354 936 3415 sive
959 3354 1016 3414 viri

106 3434 166 3497 sive
181 3433 327 3495 mulieris
