2234 4006
294 278 334 320 uu
355 278 500 326 uxrumrs
519 276 728 320 runrunonurr.
925 240 984 318 93Ι
1023 326 1026 331 .

121 418 178 483 'cis
193 426 225 483 et
243 420 412 491 odoriferis,
426 419 459 481 in
480 419 599 502 signnm
618 418 801 500 integritatis
822 415 921 480 cornis
939 420 971 477 et

125 502 260 587 '¹'tatis3
280 508 313 563 et
331 500 485 563 Parochus
506 500 725 583 superpelliceo
745 506 778 560 et
801 499 880 561 stola
900 497 970 558 albu

113 578 197 657 riuus,
208 588 240 645 et
252 582 306 644 nlii
318 582 357 643 de
372 581 475 654 Clero,
487 581 513 643 si
527 581 640 652 adsint,
654 580 844 662 precedente
858 578 970 647 Cruce,

102 684 128 727 ο
141 663 208 725 sine
220 662 306 726 husto
319 662 466 734 defertur,
481 662 633 725 secedunt
646 661 684 722 ud
698 661 819 722 domum
833 657 971 720 defuncti

146 743 269 807 clerico
284 743 486 825 aspersorium
501 743 668 806 deferente.
708 740 855 803 Sacerdos
869 758 970 823 esper-

113 840 239 907 =corpus,
253 822 364 887 deinde
378 823 472 886 dicit:

99 956 174 1019 une.
216 957 264 1019 su
279 952 388 1018 nomer
405 926 549 1019 nomini(

422 1153 555 1196 PSALMUS
572 1155 615 1196 112.

121 1262 311 1369 ,Aonius
345 1286 432 1368 pueri
472 1285 637 1348 Dominum
645 1288 673 1346 z*
704 1285 827 1347 laudate
861 1305 970 1349 nomen

151 1390 286 1455 Domini.
368 1373 371 1379 “
452 1374 457 1381 ’
539 1410 543 1415 ·
587 1392 591 1399 ’

32 1552 36 1558 ,
102 1499 152 1567 Sit
167 1500 283 1561 nomen
307 1496 436 1559 Domini.
454 1497 677 1568 benedictum*
696 1517 734 1559 ex
757 1497 813 1559 hoc
834 1516 914 1558 nuuc
941 1501 973 1557 et

61 1625 162 1685 usque
181 1604 214 1667 in
234 1603 389 1665 seculum.

103 1713 134 1771 A
149 1710 222 1772 solis
242 1715 310 1773 ortu
330 1730 427 1790 usque
447 1700 486 1771 nd
507 1707 843 1781 occasum,*lnudabi1e
863 1726 972 1768 nomen

61 1814 199 1878 Domini.

10 1992 16 1999 ,
101 1921 254 1983 Excelsus
274 1940 364 2003 super
383 1940 487 1982 omnes
509 1920 624 1981 Gentes
644 1918 821 1988 Dominus*
835 1924 867 1979 et
884 1936 973 1998 super

63 2024 359 2109 coeiosgioriaejus.
908 2098 910 2103 Ι

103 2132 180 2209 Quis
195 2126 276 2207 sicut
295 2131 443 2194 Dominus
460 2132 544 2193 Deus
559 2134 672 2201 noster,
687 2130 740 2210 qui
760 2129 791 2190 in
805 2130 876 2193 altis
890 2128 972 2191 habi-

61 2243 140 2311 tet*
154 2245 187 2300 et
199 2237 325 2299 humilis
337 2236 463 2319 respicit
474 2236 508 2297 in
522 2236 600 2298 coelo
614 2235 690 2299 etin
704 2237 809 2299 terra?

105 2343 265 2407 Suscitous
286 2345 306 2405 d
325 2349 407 2405 terro
427 2343 576 2425 inopem*
593 2348 625 2404 et
644 2342 683 2404 de
704 2346 837 2427 stercore
857 2338 975 2424 erigens

63 2468 231 2532 pauperem
239 2429 253 2510 ε>

104 2555 152 2616 Ut
165 2555 297 2616 collocet
310 2572 378 2616 eum
392 2569 461 2615 curn
480 2554 695 2637 principibus*
709 2575 777 2615 cum
790 2550 975 2634 principibus

64 2659 174 2743 populi
189 2659 247 2720 sui.

105 2764 168 2841 Qui
188 2764 322 2826 habitare
335 2765 410 2828 facit
430 2766 565 2827 sterilem
577 2764 610 2826 in
624 2764 742 2835 domo*
755 2769 882 2826 matrem
898 2761 975 2822 filio-

64 2891 133 2932 rum
148 2871 314 2931 laetnntem.

105 2974 216 3037 Gloria
229 2974 326 3047 Patri,
342 2982 375 3038 et
393 2976 468 3036 filio.

105 3081 180 3142 dut.
205 3080 257 3143 Sit
275 3098 386 3143 nomeu
399 3080 522 3143 Domini
540 3080 744 3153 benedictum,
758 3101 795 3143 ex
814 3082 870 3145 hoc
885 3101 977 3152 nuuc,

66 3193 98 3251 et
109 3206 210 3268 usque
223 3185 256 3248 in
270 3186 427 3249 saeculuin.

105 3315 190 3380 Dum
206 3319 343 3401 portatur
356 3316 397 3379 od
414 3314 592 3390 Ecclesiam,
607 3315 741 3378 dicutur:
