<?xml version="1.0" encoding="UTF-8"?>
<!DOCTYPE html PUBLIC "-//W3C//DTD XHTML 1.0 Transitional//EN"
    "http://www.w3.org/TR/xhtml1/DTD/xhtml1-transitional.dtd">
<html xmlns="http://www.w3.org/1999/xhtml" xml:lang="en" lang="en">
 <head>
  <title>
</title>
<meta http-equiv="Content-Type" content="text/html;charset=utf-8" />
  <meta name='ocr-system' content='tesseract 3.04.00' />
  <meta name='ocr-capabilities' content='ocr_page ocr_carea ocr_par ocr_line ocrx_word'/>
</head>
<body>
  <div class='ocr_page' id='page_1' title='image "./compendiumritua00mdgoog_0196.png"; bbox 0 0 2234 4006; ppageno 0'>
   <div class='ocr_carea' id='block_1_1' title="bbox 235 266 1062 355">
    <p class='ocr_par' dir='ltr' id='par_1_1' title="bbox 235 266 1062 355">
     <span class='ocr_line' id='line_1_1' title="bbox 235 266 1062 355; baseline 0.007 -20"><span class='ocrx_word' id='word_1_1' title='bbox 235 290 239 297; x_wconf 88' lang='lat'>·</span> <span class='ocrx_word' id='word_1_2' title='bbox 275 295 460 355; x_wconf 71' lang='lat' dir='ltr'><strong>nrnemcrro</strong></span> <span class='ocrx_word' id='word_1_3' title='bbox 482 295 516 336; x_wconf 83' lang='lat' dir='ltr'><strong>rn</strong></span> <span class='ocrx_word' id='word_1_4' title='bbox 536 296 685 337; x_wconf 75' lang='lat' dir='ltr'><strong>nnrrcuno</strong></span> <span class='ocrx_word' id='word_1_5' title='bbox 706 266 826 338; x_wconf 78' lang='lat' dir='ltr'><strong>noerrs&#39;.</strong></span> <span class='ocrx_word' id='word_1_6' title='bbox 948 282 1006 340; x_wconf 74' lang='lat'><strong>183</strong></span> <span class='ocrx_word' id='word_1_7' title='bbox 1033 266 1062 355; x_wconf 66' lang='grc'><strong>’,-</strong></span> 
     </span>
    </p>
   </div>
   <div class='ocr_carea' id='block_1_2' title="bbox 95 402 1105 597">
    <p class='ocr_par' dir='ltr' id='par_1_2' title="bbox 95 402 1105 597">
     <span class='ocr_line' id='line_1_2' title="bbox 95 402 1105 520; baseline 0 -22"><span class='ocrx_word' id='word_1_8' title='bbox 95 437 236 498; x_wconf 67' lang='lat' dir='ltr'><strong>adbiberi</strong></span> <span class='ocrx_word' id='word_1_9' title='bbox 238 437 419 516; x_wconf 70' lang='lat' dir='ltr'><strong>presumpsit</strong></span> <span class='ocrx_word' id='word_1_10' title='bbox 432 412 468 495; x_wconf 77' lang='lat' dir='ltr'><strong>ab</strong></span> <span class='ocrx_word' id='word_1_11' title='bbox 480 437 520 496; x_wconf 79' lang='lat' dir='ltr'><strong>ic&#39;s</strong></span> <span class='ocrx_word' id='word_1_12' title='bbox 533 437 766 520; x_wconf 82' lang='lat' dir='ltr'><strong>quisaeoltutem</strong></span> <span class='ocrx_word' id='word_1_13' title='bbox 779 438 888 498; x_wconf 82' lang='lat' dir='ltr'><strong>babent</strong></span> <span class='ocrx_word' id='word_1_14' title='bbox 899 440 920 496; x_wconf 78' lang='grc' dir='ltr'><em>ὰ</em></span> <span class='ocrx_word' id='word_1_15' title='bbox 937 439 1008 498; x_wconf 79' lang='lat' dir='ltr'><strong>Sede</strong></span> <span class='ocrx_word' id='word_1_16' title='bbox 1045 440 1048 445; x_wconf 83' lang='lat'>&#39;</span> <span class='ocrx_word' id='word_1_17' title='bbox 1095 402 1105 423; x_wconf 84' lang='lat'><strong>.</strong></span> 
     </span>
     <span class='ocr_line' id='line_1_3' title="bbox 97 518 470 597; baseline -0.003 -21"><span class='ocrx_word' id='word_1_18' title='bbox 97 518 272 597; x_wconf 68' lang='lat' dir='ltr'><strong>Apostolica</strong></span> <span class='ocrx_word' id='word_1_19' title='bbox 285 518 470 597; x_wconf 83' lang='lat' dir='ltr'><strong>delegatam.)</strong></span> 
     </span>
    </p>
   </div>
   <div class='ocr_carea' id='block_1_3' title="bbox 78 622 1068 1669">
    <p class='ocr_par' dir='ltr' id='par_1_3' title="bbox 78 622 1068 1669">
     <span class='ocr_line' id='line_1_4' title="bbox 166 622 1006 686; baseline 0.002 -3"><span class='ocrx_word' id='word_1_20' title='bbox 166 622 407 684; x_wconf 81' lang='lat' dir='ltr'>ENEDICTIO</span> <span class='ocrx_word' id='word_1_21' title='bbox 428 623 459 682; x_wconf 91' lang='lat' dir='ltr'><strong>in</strong></span> <span class='ocrx_word' id='word_1_22' title='bbox 476 624 605 684; x_wconf 87' lang='lat' dir='ltr'><strong>articulo</strong></span> <span class='ocrx_word' id='word_1_23' title='bbox 626 624 730 685; x_wconf 89' lang='lat' dir='ltr'><strong>mortis</strong></span> <span class='ocrx_word' id='word_1_24' title='bbox 747 624 813 686; x_wconf 85' lang='lat' dir='ltr'><strong>cirrn</strong></span> <span class='ocrx_word' id='word_1_25' title='bbox 835 625 931 686; x_wconf 81' lang='lat' dir='ltr'><strong>soleat</strong></span> <span class='ocrx_word' id='word_1_26' title='bbox 945 625 1006 685; x_wconf 84' lang='lat' dir='ltr'><strong>&#39;im-</strong></span> 
     </span>
     <span class='ocr_line' id='line_1_5' title="bbox 78 703 1006 786; baseline 0.005 -24"><span class='ocrx_word' id='word_1_27' title='bbox 78 758 85 783; x_wconf 79' lang='grc'>,</span> <span class='ocrx_word' id='word_1_28' title='bbox 186 703 293 786; x_wconf 90' lang='lat' dir='ltr'><strong>pertiri</strong></span> <span class='ocrx_word' id='word_1_29' title='bbox 316 710 385 783; x_wconf 94' lang='lat' dir='ltr'><strong>post</strong></span> <span class='ocrx_word' id='word_1_30' title='bbox 405 704 599 765; x_wconf 80' lang='lat' dir='ltr'><strong>Sacramenta</strong></span> <span class='ocrx_word' id='word_1_31' title='bbox 619 704 822 776; x_wconf 72' lang='lat' dir='ltr'><strong>Paenitentia,</strong></span> <span class='ocrx_word' id='word_1_32' title='bbox 844 706 1006 767; x_wconf 84' lang='lat' dir='ltr'><strong>Eucharis-</strong></span> 
     </span>
     <span class='ocr_line' id='line_1_6' title="bbox 96 783 1006 865; baseline 0.003 -21"><span class='ocrx_word' id='word_1_33' title='bbox 96 785 157 854; x_wconf 85' lang='lat' dir='ltr'><strong>tiae,</strong></span> <span class='ocrx_word' id='word_1_34' title='bbox 173 793 206 846; x_wconf 91' lang='lat' dir='ltr'><strong>et</strong></span> <span class='ocrx_word' id='word_1_35' title='bbox 226 785 376 853; x_wconf 77' lang='lat' dir='ltr'><strong>Extremae</strong></span> <span class='ocrx_word' id='word_1_36' title='bbox 390 785 551 845; x_wconf 90' lang='lat' dir='ltr'><strong>Unctionis</strong></span> <span class='ocrx_word' id='word_1_37' title='bbox 567 785 630 845; x_wconf 93' lang='lat' dir='ltr'><strong>illis</strong></span> <span class='ocrx_word' id='word_1_38' title='bbox 644 783 771 846; x_wconf 86' lang='lat' dir='ltr'><strong>infirmis</strong></span> <span class='ocrx_word' id='word_1_39' title='bbox 785 785 837 865; x_wconf 90' lang='lat' dir='ltr'><strong>qui</strong></span> <span class='ocrx_word' id='word_1_40' title='bbox 852 786 900 846; x_wconf 87' lang='lat' dir='ltr'><strong>vel</strong></span> <span class='ocrx_word' id='word_1_41' title='bbox 921 786 1006 847; x_wconf 87' lang='lat' dir='ltr'><strong>illam</strong></span> 
     </span>
     <span class='ocr_line' id='line_1_7' title="bbox 94 864 1004 945; baseline 0.003 -20"><span class='ocrx_word' id='word_1_42' title='bbox 94 864 250 945; x_wconf 84' lang='lat' dir='ltr'><strong>petierint,</strong></span> <span class='ocrx_word' id='word_1_43' title='bbox 266 864 336 924; x_wconf 88' lang='lat' dir='ltr'><strong>dum</strong></span> <span class='ocrx_word' id='word_1_44' title='bbox 359 884 432 930; x_wconf 90' lang='lat' dir='ltr'><strong>sana</strong></span> <span class='ocrx_word' id='word_1_45' title='bbox 451 874 551 926; x_wconf 89' lang='lat' dir='ltr'><strong>mente</strong></span> <span class='ocrx_word' id='word_1_46' title='bbox 566 872 597 926; x_wconf 86' lang='lat' dir='ltr'><strong>et</strong></span> <span class='ocrx_word' id='word_1_47' title='bbox 616 866 679 927; x_wconf 81' lang='lat' dir='ltr'><strong>in&#39;te</strong></span> <span class='ocrx_word' id='word_1_48' title='bbox 716 865 742 926; x_wconf 87' lang='lat' dir='ltr'><strong>is</strong></span> <span class='ocrx_word' id='word_1_49' title='bbox 756 867 894 926; x_wconf 85' lang='lat' dir='ltr'><strong>sensibus</strong></span> <span class='ocrx_word' id='word_1_50' title='bbox 909 873 1004 938; x_wconf 87' lang='lat' dir='ltr'><strong>erant,</strong></span> 
     </span>
     <span class='ocr_line' id='line_1_8' title="bbox 78 944 1006 1028; baseline 0.001 -23"><span class='ocrx_word' id='word_1_51' title='bbox 78 963 144 1005; x_wconf 80' lang='lat' dir='ltr'><strong>-aeu</strong></span> <span class='ocrx_word' id='word_1_52' title='bbox 161 944 370 1004; x_wconf 86' lang='lat' dir='ltr'><strong>verisimiliter</strong></span> <span class='ocrx_word' id='word_1_53' title='bbox 387 944 556 1025; x_wconf 88' lang='lat' dir='ltr'><strong>petiissent,</strong></span> <span class='ocrx_word' id='word_1_54' title='bbox 570 947 620 1006; x_wconf 83' lang='lat' dir='ltr'><strong>vel</strong></span> <span class='ocrx_word' id='word_1_55' title='bbox 641 947 678 1007; x_wconf 88' lang='lat' dir='ltr'><strong>dc</strong></span> <span class='ocrx_word' id='word_1_56' title='bbox 702 946 785 1021; x_wconf 31' lang='lat' dir='ltr'><strong>erint·</strong></span> <span class='ocrx_word' id='word_1_57' title='bbox 795 947 880 1028; x_wconf 81' lang='lat' dir='ltr'><strong>signa</strong></span> <span class='ocrx_word' id='word_1_58' title='bbox 894 947 1006 1008; x_wconf 89' lang='lat' dir='ltr'><strong>contri·</strong></span> 
     </span>
     <span class='ocr_line' id='line_1_9' title="bbox 90 1023 1068 1108; baseline -0.001 -21"><span class='ocrx_word' id='word_1_59' title='bbox 90 1025 205 1095; x_wconf 81' lang='lat' dir='ltr'><strong>tionis3</strong></span> <span class='ocrx_word' id='word_1_60' title='bbox 227 1023 427 1106; x_wconf 86' lang='lat' dir='ltr'><strong>impertienda</strong></span> <span class='ocrx_word' id='word_1_61' title='bbox 439 1024 547 1086; x_wconf 88' lang='lat' dir='ltr'><strong>iisdem</strong></span> <span class='ocrx_word' id='word_1_62' title='bbox 562 1034 619 1098; x_wconf 92' lang='lat' dir='ltr'><strong>est,</strong></span> <span class='ocrx_word' id='word_1_63' title='bbox 635 1028 725 1088; x_wconf 90' lang='lat' dir='ltr'><strong>etiarn</strong></span> <span class='ocrx_word' id='word_1_64' title='bbox 739 1025 765 1086; x_wconf 89' lang='lat' dir='ltr'><strong>si</strong></span> <span class='ocrx_word' id='word_1_65' title='bbox 777 1034 884 1108; x_wconf 90' lang='lat' dir='ltr'><strong>postea</strong></span> <span class='ocrx_word' id='word_1_66' title='bbox 896 1028 1005 1108; x_wconf 80' lang='lat' dir='ltr'><strong>linguae</strong></span> <span class='ocrx_word' id='word_1_67' title='bbox 1066 1072 1068 1076; x_wconf 66' lang='lat'><strong>,</strong></span> 
     </span>
     <span class='ocr_line' id='line_1_10' title="bbox 86 1107 1004 1185; baseline 0.001 -18"><span class='ocrx_word' id='word_1_68' title='bbox 86 1113 325 1185; x_wconf 86' lang='lat' dir='ltr'><strong>ceterorumque</strong></span> <span class='ocrx_word' id='word_1_69' title='bbox 339 1125 482 1166; x_wconf 88' lang='lat' dir='ltr'><strong>sensnum</strong></span> <span class='ocrx_word' id='word_1_70' title='bbox 494 1127 551 1167; x_wconf 89' lang='lat' dir='ltr'><strong>usu</strong></span> <span class='ocrx_word' id='word_1_71' title='bbox 566 1108 629 1168; x_wconf 90' lang='lat' dir='ltr'><strong>sint</strong></span> <span class='ocrx_word' id='word_1_72' title='bbox 644 1107 794 1178; x_wconf 87' lang='lat' dir='ltr'><strong>destituti,</strong></span> <span class='ocrx_word' id='word_1_73' title='bbox 809 1114 863 1168; x_wconf 88' lang='lat' dir='ltr'><strong>aut</strong></span> <span class='ocrx_word' id='word_1_74' title='bbox 881 1107 913 1167; x_wconf 91' lang='lat' dir='ltr'><strong>in</strong></span> <span class='ocrx_word' id='word_1_75' title='bbox 929 1107 1004 1169; x_wconf 87' lang='lat' dir='ltr'><strong>deli-</strong></span> 
     </span>
     <span class='ocr_line' id='line_1_11' title="bbox 85 1185 1005 1258; baseline 0 -12"><span class='ocrx_word' id='word_1_76' title='bbox 85 1186 243 1255; x_wconf 81' lang='lat' dir='ltr'><strong>rinm,vel</strong></span> <span class='ocrx_word' id='word_1_77' title='bbox 255 1185 416 1246; x_wconf 87' lang='lat' dir='ltr'><strong>amentiam</strong></span> <span class='ocrx_word' id='word_1_78' title='bbox 427 1186 601 1249; x_wconf 87' lang='lat' dir='ltr'><strong>inciderint.</strong></span> <span class='ocrx_word' id='word_1_79' title='bbox 634 1187 1005 1258; x_wconf 82' lang='lat' dir='ltr'><strong>Excommunicatisrerri,</strong></span> 
     </span>
     <span class='ocr_line' id='line_1_12' title="bbox 82 1265 1005 1348; baseline 0 -21"><span class='ocrx_word' id='word_1_80' title='bbox 82 1265 366 1348; x_wconf 68' lang='lat' dir='ltr'><strong>impoenitentibus,</strong></span> <span class='ocrx_word' id='word_1_81' title='bbox 383 1272 415 1327; x_wconf 89' lang='lat' dir='ltr'><strong>et</strong></span> <span class='ocrx_word' id='word_1_82' title='bbox 434 1266 487 1345; x_wconf 92' lang='lat' dir='ltr'><strong>qui</strong></span> <span class='ocrx_word' id='word_1_83' title='bbox 507 1267 539 1329; x_wconf 93' lang='lat' dir='ltr'><strong>in</strong></span> <span class='ocrx_word' id='word_1_84' title='bbox 559 1267 720 1328; x_wconf 88' lang='lat' dir='ltr'><strong>manifesto</strong></span> <span class='ocrx_word' id='word_1_85' title='bbox 740 1274 869 1348; x_wconf 86' lang='lat' dir='ltr'><strong>peccato¹</strong></span> <span class='ocrx_word' id='word_1_86' title='bbox 885 1269 1005 1330; x_wconf 82' lang='lat' dir='ltr'><strong>mortali</strong></span> 
     </span>
     <span class='ocr_line' id='line_1_13' title="bbox 81 1346 716 1428; baseline 0.003 -22"><span class='ocrx_word' id='word_1_87' title='bbox 81 1346 275 1416; x_wconf 88' lang='lat' dir='ltr'><strong>moriuntur,</strong></span> <span class='ocrx_word' id='word_1_88' title='bbox 292 1353 338 1406; x_wconf 86' lang='lat' dir='ltr'><strong>est</strong></span> <span class='ocrx_word' id='word_1_89' title='bbox 359 1346 480 1406; x_wconf 78' lang='lat' dir='ltr'><strong>omnino</strong></span> <span class='ocrx_word' id='word_1_90' title='bbox 502 1347 690 1428; x_wconf 84' lang='lat' dir='ltr'><strong>deneganda.</strong></span> <span class='ocrx_word' id='word_1_91' title='bbox 714 1358 716 1362; x_wconf 72' lang='grc'><strong>“</strong></span> 
     </span>
     <span class='ocr_line' id='line_1_14' title="bbox 127 1427 1003 1509; baseline 0.002 -23"><span class='ocrx_word' id='word_1_92' title='bbox 127 1427 260 1487; x_wconf 88' lang='lat' dir='ltr'><strong>Habens</strong></span> <span class='ocrx_word' id='word_1_93' title='bbox 280 1427 454 1508; x_wconf 77' lang='lat' dir='ltr'><strong>predictam</strong></span> <span class='ocrx_word' id='word_1_94' title='bbox 467 1427 654 1498; x_wconf 75' lang='lat' dir='ltr'><strong>facultatem,</strong></span> <span class='ocrx_word' id='word_1_95' title='bbox 669 1428 866 1509; x_wconf 84' lang='lat' dir='ltr'><strong>ingrediendo</strong></span> <span class='ocrx_word' id='word_1_96' title='bbox 881 1427 1003 1490; x_wconf 91' lang='lat' dir='ltr'><strong>cubicu-</strong></span> 
     </span>
     <span class='ocr_line' id='line_1_15' title="bbox 80 1507 1003 1586; baseline -0.001 -18"><span class='ocrx_word' id='word_1_97' title='bbox 80 1508 158 1568; x_wconf 89' lang='lat' dir='ltr'><strong>lum</strong></span> <span class='ocrx_word' id='word_1_98' title='bbox 180 1507 232 1567; x_wconf 89' lang='lat' dir='ltr'><strong>nbi</strong></span> <span class='ocrx_word' id='word_1_99' title='bbox 248 1508 331 1586; x_wconf 87' lang='lat' dir='ltr'><strong>jacet</strong></span> <span class='ocrx_word' id='word_1_100' title='bbox 353 1507 501 1578; x_wconf 89' lang='lat' dir='ltr'><strong>infirmus,</strong></span> <span class='ocrx_word' id='word_1_101' title='bbox 516 1509 616 1570; x_wconf 78' lang='lat' dir='ltr'><strong>dicatz</strong></span> <span class='ocrx_word' id='word_1_102' title='bbox 637 1507 708 1569; x_wconf 77' lang='lat' dir='ltr'><strong>Pon</strong></span> <span class='ocrx_word' id='word_1_103' title='bbox 728 1510 799 1569; x_wconf 81' lang='lat' dir='ltr'><strong>baio</strong></span> <span class='ocrx_word' id='word_1_104' title='bbox 813 1509 923 1580; x_wconf 82' lang='lat' dir='ltr'><strong>domui,</strong></span> <span class='ocrx_word' id='word_1_105' title='bbox 940 1516 1003 1579; x_wconf 79' lang='lat' dir='ltr'><strong>etc,</strong></span> 
     </span>
     <span class='ocr_line' id='line_1_16' title="bbox 82 1586 1003 1669; baseline -0.001 -19"><span class='ocrx_word' id='word_1_106' title='bbox 82 1609 125 1650; x_wconf 89' lang='lat' dir='ltr'><strong>ac</strong></span> <span class='ocrx_word' id='word_1_107' title='bbox 150 1586 263 1648; x_wconf 88' lang='lat' dir='ltr'><strong>deinde</strong></span> <span class='ocrx_word' id='word_1_108' title='bbox 284 1593 437 1669; x_wconf 84' lang='lat' dir='ltr'><strong>aegrotum,</strong></span> <span class='ocrx_word' id='word_1_109' title='bbox 455 1588 638 1659; x_wconf 88' lang='lat' dir='ltr'><strong>cubiculum,</strong></span> <span class='ocrx_word' id='word_1_110' title='bbox 653 1596 685 1651; x_wconf 86' lang='lat' dir='ltr'><strong>et</strong></span> <span class='ocrx_word' id='word_1_111' title='bbox 704 1590 934 1651; x_wconf 86' lang='lat' dir='ltr'><strong>circumstantes</strong></span> <span class='ocrx_word' id='word_1_112' title='bbox 955 1610 1003 1650; x_wconf 92' lang='lat' dir='ltr'><strong>as-</strong></span> 
     </span>
    </p>
   </div>
   <div class='ocr_carea' id='block_1_4' title="bbox 81 1667 1004 1827">
    <p class='ocr_par' dir='ltr' id='par_1_4' title="bbox 81 1667 1004 1827">
     <span class='ocr_line' id='line_1_17' title="bbox 81 1667 1004 1806; baseline 0.001 -79"><span class='ocrx_word' id='word_1_113' title='bbox 81 1672 202 1750; x_wconf 84' lang='lat' dir='ltr'><strong>pergat</strong></span> <span class='ocrx_word' id='word_1_114' title='bbox 214 1669 305 1806; x_wconf 65' lang='lat' dir='ltr'><strong>qua</strong></span> <span class='ocrx_word' id='word_1_115' title='bbox 325 1667 494 1739; x_wconf 88' lang='lat' dir='ltr'><strong>benedicta,</strong></span> <span class='ocrx_word' id='word_1_116' title='bbox 509 1669 638 1731; x_wconf 86' lang='lat' dir='ltr'><strong>dicendo</strong></span> <span class='ocrx_word' id='word_1_117' title='bbox 653 1671 875 1750; x_wconf 77' lang='lat' dir='ltr'><strong>Antiphonem:</strong></span> <span class='ocrx_word' id='word_1_118' title='bbox 896 1669 1004 1746; x_wconf 75' lang='lat' dir='ltr'><strong>Aspor-</strong></span> 
     </span>
     <span class='ocr_line' id='line_1_18' title="bbox 82 1766 295 1827; baseline 0 -20"><span class='ocrx_word' id='word_1_119' title='bbox 82 1767 146 1827; x_wconf 80' lang='lat' dir='ltr'><strong>geo</strong></span> <span class='ocrx_word' id='word_1_120' title='bbox 166 1766 225 1816; x_wconf 85' lang='lat' dir='ltr'><strong>me,</strong></span> <span class='ocrx_word' id='word_1_121' title='bbox 242 1766 295 1807; x_wconf 83' lang='lat' dir='ltr'><strong>ec.</strong></span> 
     </span>
    </p>
   </div>
   <div class='ocr_carea' id='block_1_5' title="bbox 87 1814 1109 1909">
    <p class='ocr_par' dir='ltr' id='par_1_5' title="bbox 87 1814 1109 1909">
     <span class='ocr_line' id='line_1_19' title="bbox 87 1814 1109 1909; baseline 0.003 -23"><span class='ocrx_word' id='word_1_122' title='bbox 87 1864 92 1873; x_wconf 87' lang='lat'><em>·</em></span> <span class='ocrx_word' id='word_1_123' title='bbox 129 1826 264 1901; x_wconf 75' lang='lat' dir='ltr'><strong>Quodsi</strong></span> <span class='ocrx_word' id='word_1_124' title='bbox 285 1833 413 1909; x_wconf 81' lang='lat' dir='ltr'><strong>aegrotus</strong></span> <span class='ocrx_word' id='word_1_125' title='bbox 426 1827 558 1890; x_wconf 88' lang='lat' dir='ltr'><strong>voluerit</strong></span> <span class='ocrx_word' id='word_1_126' title='bbox 574 1828 723 1898; x_wconf 88' lang='lat' dir='ltr'><strong>confiteri,</strong></span> <span class='ocrx_word' id='word_1_127' title='bbox 737 1814 843 1889; x_wconf 81' lang='lat' dir='ltr'><strong>audiat</strong></span> <span class='ocrx_word' id='word_1_128' title='bbox 860 1826 959 1898; x_wconf 88' lang='lat' dir='ltr'><strong>illurn,</strong></span> <span class='ocrx_word' id='word_1_129' title='bbox 974 1833 1006 1889; x_wconf 90' lang='lat' dir='ltr'><strong>et</strong></span> <span class='ocrx_word' id='word_1_130' title='bbox 1103 1842 1109 1886; x_wconf 75' lang='grc' dir='ltr'><em>Γ</em></span> 
     </span>
    </p>
   </div>
   <div class='ocr_carea' id='block_1_6' title="bbox 85 1907 1004 2310">
    <p class='ocr_par' dir='ltr' id='par_1_6' title="bbox 85 1907 1004 2310">
     <span class='ocr_line' id='line_1_20' title="bbox 85 1907 1004 1990; baseline -0.005 -19"><span class='ocrx_word' id='word_1_131' title='bbox 85 1908 241 1971; x_wconf 82' lang='lat' dir='ltr'><strong>absolvat.</strong></span> <span class='ocrx_word' id='word_1_132' title='bbox 283 1909 316 1967; x_wconf 87' lang='lat' dir='ltr'><strong>Si</strong></span> <span class='ocrx_word' id='word_1_133' title='bbox 341 1908 560 1969; x_wconf 82' lang='lat' dir='ltr'><strong>confessionem</strong></span> <span class='ocrx_word' id='word_1_134' title='bbox 581 1914 759 1990; x_wconf 84' lang='lat' dir='ltr'><strong>nonpetat,</strong></span> <span class='ocrx_word' id='word_1_135' title='bbox 780 1907 894 1968; x_wconf 86' lang='lat' dir='ltr'><strong>excitet</strong></span> <span class='ocrx_word' id='word_1_136' title='bbox 916 1907 1004 1966; x_wconf 84' lang='lat' dir='ltr'><strong>illurn</strong></span> 
     </span>
     <span class='ocr_line' id='line_1_21' title="bbox 88 1985 1004 2067; baseline -0.001 -19"><span class='ocrx_word' id='word_1_137' title='bbox 88 1987 132 2058; x_wconf 79' lang='lat' dir='ltr'><strong>ad</strong></span> <span class='ocrx_word' id='word_1_138' title='bbox 159 1985 343 2047; x_wconf 88' lang='lat' dir='ltr'><strong>eliciendum</strong></span> <span class='ocrx_word' id='word_1_139' title='bbox 368 1994 470 2050; x_wconf 86' lang='lat' dir='ltr'><strong>actum</strong></span> <span class='ocrx_word' id='word_1_140' title='bbox 494 1989 701 2059; x_wconf 80' lang='lat' dir='ltr'><strong>contritionis3</strong></span> <span class='ocrx_word' id='word_1_141' title='bbox 728 1989 767 2048; x_wconf 89' lang='lat' dir='ltr'><strong>de</strong></span> <span class='ocrx_word' id='word_1_142' title='bbox 791 1988 880 2067; x_wconf 87' lang='lat' dir='ltr'><strong>hujus</strong></span> <span class='ocrx_word' id='word_1_143' title='bbox 904 1988 1004 2048; x_wconf 90' lang='lat' dir='ltr'><strong>Bene·</strong></span> 
     </span>
     <span class='ocr_line' id='line_1_22' title="bbox 87 2066 1004 2149; baseline -0.001 -21"><span class='ocrx_word' id='word_1_144' title='bbox 87 2066 238 2130; x_wconf 84' lang='lat' dir='ltr'><strong>dictionis</strong></span> <span class='ocrx_word' id='word_1_145' title='bbox 259 2067 394 2130; x_wconf 85' lang='lat' dir='ltr'><strong>efficacia</strong></span> <span class='ocrx_word' id='word_1_146' title='bbox 414 2089 449 2131; x_wconf 89' lang='lat' dir='ltr'><strong>ac</strong></span> <span class='ocrx_word' id='word_1_147' title='bbox 470 2069 594 2139; x_wconf 89' lang='lat' dir='ltr'><strong>virtute,</strong></span> <span class='ocrx_word' id='word_1_148' title='bbox 609 2068 635 2129; x_wconf 89' lang='lat' dir='ltr'><strong>si</strong></span> <span class='ocrx_word' id='word_1_149' title='bbox 656 2074 774 2149; x_wconf 89' lang='lat' dir='ltr'><strong>tempus</strong></span> <span class='ocrx_word' id='word_1_150' title='bbox 794 2067 882 2137; x_wconf 89' lang='lat' dir='ltr'><strong>ferat,</strong></span> <span class='ocrx_word' id='word_1_151' title='bbox 905 2067 1004 2128; x_wconf 87' lang='lat' dir='ltr'><strong>brevi·</strong></span> 
     </span>
     <span class='ocr_line' id='line_1_23' title="bbox 87 2148 1004 2228; baseline 0 -19"><span class='ocrx_word' id='word_1_152' title='bbox 87 2155 141 2209; x_wconf 85' lang='lat' dir='ltr'><strong>ter</strong></span> <span class='ocrx_word' id='word_1_153' title='bbox 162 2149 426 2219; x_wconf 84' lang='lat' dir='ltr'><strong>admoneat;,tum</strong></span> <span class='ocrx_word' id='word_1_154' title='bbox 441 2150 582 2219; x_wconf 87' lang='lat' dir='ltr'><strong>instruat,</strong></span> <span class='ocrx_word' id='word_1_155' title='bbox 597 2156 689 2228; x_wconf 89' lang='lat' dir='ltr'><strong>atque</strong></span> <span class='ocrx_word' id='word_1_156' title='bbox 705 2148 842 2209; x_wconf 88' lang='lat' dir='ltr'><strong>hortetur</strong></span> <span class='ocrx_word' id='word_1_157' title='bbox 861 2153 897 2207; x_wconf 90' lang='lat' dir='ltr'><strong>ut</strong></span> <span class='ocrx_word' id='word_1_158' title='bbox 910 2148 1004 2209; x_wconf 89' lang='lat' dir='ltr'><strong>morbi</strong></span> 
     </span>
     <span class='ocr_line' id='line_1_24' title="bbox 89 2228 1004 2310; baseline -0.001 -21"><span class='ocrx_word' id='word_1_159' title='bbox 89 2228 285 2289; x_wconf 87' lang='lat' dir='ltr'><strong>incommoda</strong></span> <span class='ocrx_word' id='word_1_160' title='bbox 304 2249 339 2289; x_wconf 92' lang='lat' dir='ltr'><strong>ac</strong></span> <span class='ocrx_word' id='word_1_161' title='bbox 357 2229 475 2289; x_wconf 89' lang='lat' dir='ltr'><strong>dolores</strong></span> <span class='ocrx_word' id='word_1_162' title='bbox 496 2230 528 2289; x_wconf 91' lang='lat' dir='ltr'><strong>in</strong></span> <span class='ocrx_word' id='word_1_163' title='bbox 548 2236 697 2292; x_wconf 76' lang='lat' dir='ltr'><strong>anteactae</strong></span> <span class='ocrx_word' id='word_1_164' title='bbox 711 2229 781 2289; x_wconf 86' lang='lat' dir='ltr'><strong>vitre</strong></span> <span class='ocrx_word' id='word_1_165' title='bbox 802 2229 1004 2310; x_wconf 85' lang='lat' dir='ltr'><strong>expiationem</strong></span> 
     </span>
    </p>
   </div>
   <div class='ocr_carea' id='block_1_7' title="bbox 88 2308 1004 2472">
    <p class='ocr_par' dir='ltr' id='par_1_7' title="bbox 88 2308 1004 2472">
     <span class='ocr_line' id='line_1_25' title="bbox 88 2308 1004 2450; baseline -0.005 -77"><span class='ocrx_word' id='word_1_166' title='bbox 88 2308 225 2373; x_wconf 86' lang='lat' dir='ltr'><strong>libenter</strong></span> <span class='ocrx_word' id='word_1_167' title='bbox 235 2308 378 2389; x_wconf 83' lang='lat' dir='ltr'><strong>perferat,</strong></span> <span class='ocrx_word' id='word_1_168' title='bbox 390 2311 517 2450; x_wconf 60' lang='lat' dir='ltr'><strong>Deopue</strong></span> <span class='ocrx_word' id='word_1_169' title='bbox 527 2329 593 2371; x_wconf 85' lang='lat' dir='ltr'><strong>sese</strong></span> <span class='ocrx_word' id='word_1_170' title='bbox 607 2317 743 2392; x_wconf 87' lang='lat' dir='ltr'><strong>paratum</strong></span> <span class='ocrx_word' id='word_1_171' title='bbox 755 2309 861 2370; x_wconf 83' lang='lat' dir='ltr'><strong>offerat</strong></span> <span class='ocrx_word' id='word_1_172' title='bbox 869 2310 908 2369; x_wconf 88' lang='lat' dir='ltr'><strong>ad</strong></span> <span class='ocrx_word' id='word_1_173' title='bbox 922 2309 1004 2369; x_wconf 77' lang='lat' dir='ltr'><strong>ultro</strong></span> 
     </span>
     <span class='ocr_line' id='line_1_26' title="bbox 89 2389 1004 2472; baseline 0.001 -23"><span class='ocrx_word' id='word_1_174' title='bbox 89 2389 315 2469; x_wconf 85' lang='lat' dir='ltr'><strong>acceptandum</strong></span> <span class='ocrx_word' id='word_1_175' title='bbox 330 2389 457 2469; x_wconf 91' lang='lat' dir='ltr'><strong>quidqui</strong></span> <span class='ocrx_word' id='word_1_176' title='bbox 495 2389 522 2450; x_wconf 92' lang='lat' dir='ltr'><strong>ei</strong></span> <span class='ocrx_word' id='word_1_177' title='bbox 544 2390 703 2472; x_wconf 88' lang='lat' dir='ltr'><strong>placuerit,</strong></span> <span class='ocrx_word' id='word_1_178' title='bbox 718 2396 749 2452; x_wconf 92' lang='lat' dir='ltr'><strong>et</strong></span> <span class='ocrx_word' id='word_1_179' title='bbox 766 2396 894 2451; x_wconf 88' lang='lat' dir='ltr'><strong>mortem</strong></span> <span class='ocrx_word' id='word_1_180' title='bbox 907 2389 1004 2470; x_wconf 90' lang='lat' dir='ltr'><strong>ipsam</strong></span> 
     </span>
    </p>
   </div>
   <div class='ocr_carea' id='block_1_8' title="bbox 90 2467 1004 2852">
    <p class='ocr_par' dir='ltr' id='par_1_8' title="bbox 90 2467 1004 2852">
     <span class='ocr_line' id='line_1_27' title="bbox 90 2467 1004 2552; baseline -0.001 -23"><span class='ocrx_word' id='word_1_181' title='bbox 90 2469 246 2549; x_wconf 89' lang='lat' dir='ltr'><strong>patienter</strong></span> <span class='ocrx_word' id='word_1_182' title='bbox 264 2467 431 2530; x_wconf 87' lang='lat' dir='ltr'><strong>obeundam</strong></span> <span class='ocrx_word' id='word_1_183' title='bbox 445 2469 477 2530; x_wconf 93' lang='lat' dir='ltr'><strong>in</strong></span> <span class='ocrx_word' id='word_1_184' title='bbox 492 2471 728 2547; x_wconf 81' lang='lat' dir='ltr'><strong>satisfactionem</strong></span> <span class='ocrx_word' id='word_1_185' title='bbox 748 2490 913 2552; x_wconf 71' lang='lat' dir='ltr'><strong>poenarum,</strong></span> <span class='ocrx_word' id='word_1_186' title='bbox 928 2489 1004 2547; x_wconf 90' lang='lat' dir='ltr'><strong>quas</strong></span> 
     </span>
     <span class='ocr_line' id='line_1_28' title="bbox 90 2549 1004 2634; baseline -0.004 -24"><span class='ocrx_word' id='word_1_187' title='bbox 90 2549 250 2630; x_wconf 89' lang='lat' dir='ltr'><strong>peccando</strong></span> <span class='ocrx_word' id='word_1_188' title='bbox 264 2551 439 2630; x_wconf 87' lang='lat' dir='ltr'><strong>promeruit.</strong></span> <span class='ocrx_word' id='word_1_189' title='bbox 458 2552 555 2614; x_wconf 70' lang='lat' dir='ltr'><strong>‘Turn</strong></span> <span class='ocrx_word' id='word_1_190' title='bbox 568 2553 626 2633; x_wconf 87' lang='lat' dir='ltr'><strong>piis</strong></span> <span class='ocrx_word' id='word_1_191' title='bbox 641 2554 739 2634; x_wconf 88' lang='lat' dir='ltr'><strong>ipsum</strong></span> <span class='ocrx_word' id='word_1_192' title='bbox 753 2551 853 2613; x_wconf 90' lang='lat' dir='ltr'><strong>verbis</strong></span> <span class='ocrx_word' id='word_1_193' title='bbox 868 2549 1004 2609; x_wconf 84' lang='lat' dir='ltr'><strong>console-</strong></span> 
     </span>
     <span class='ocr_line' id='line_1_29' title="bbox 92 2626 1004 2712; baseline -0.004 -22"><span class='ocrx_word' id='word_1_194' title='bbox 92 2629 204 2699; x_wconf 87' lang='lat' dir='ltr'><strong>tur,&#39;in</strong></span> <span class='ocrx_word' id='word_1_195' title='bbox 226 2650 309 2710; x_wconf 88' lang='lat' dir='ltr'><strong>spem</strong></span> <span class='ocrx_word' id='word_1_196' title='bbox 329 2631 447 2712; x_wconf 85' lang='lat' dir='ltr'><strong>erigens</strong></span> <span class='ocrx_word' id='word_1_197' title='bbox 466 2632 580 2692; x_wconf 88' lang='lat' dir='ltr'><strong>forent</strong></span> <span class='ocrx_word' id='word_1_198' title='bbox 600 2653 638 2693; x_wconf 87' lang='lat' dir='ltr'><strong>ex</strong></span> <span class='ocrx_word' id='word_1_199' title='bbox 658 2631 766 2691; x_wconf 82' lang='lat' dir='ltr'><strong>divi&#39;nae</strong></span> <span class='ocrx_word' id='word_1_200' title='bbox 788 2626 1004 2689; x_wconf 72' lang='lat' dir='ltr'><strong>munificentiae</strong></span> 
     </span>
     <span class='ocr_line' id='line_1_30' title="bbox 90 2706 1004 2791; baseline -0.001 -22"><span class='ocrx_word' id='word_1_201' title='bbox 90 2709 235 2790; x_wconf 82' lang='lat' dir='ltr'><strong>largitate</strong></span> <span class='ocrx_word' id='word_1_202' title='bbox 263 2730 327 2770; x_wconf 88' lang='lat' dir='ltr'><strong>eam</strong></span> <span class='ocrx_word' id='word_1_203' title='bbox 354 2731 511 2791; x_wconf 84' lang='lat' dir='ltr'><strong>poenarum</strong></span> <span class='ocrx_word' id='word_1_204' title='bbox 541 2711 757 2782; x_wconf 88' lang='lat' dir='ltr'><strong>remissionem,</strong></span> <span class='ocrx_word' id='word_1_205' title='bbox 785 2717 818 2771; x_wconf 90' lang='lat' dir='ltr'><strong>et</strong></span> <span class='ocrx_word' id='word_1_206' title='bbox 843 2707 936 2768; x_wconf 83' lang='lat' dir='ltr'><strong>vitarn</strong></span> <span class='ocrx_word' id='word_1_207' title='bbox 963 2706 1004 2768; x_wconf 86' lang='lat' dir='ltr'><strong>sit</strong></span> 
     </span>
     <span class='ocr_line' id='line_1_31' title="bbox 91 2795 492 2852; baseline -0.002 -1"><span class='ocrx_word' id='word_1_208' title='bbox 91 2796 314 2851; x_wconf 84' lang='lat' dir='ltr'><strong>consecuturus</strong></span> <span class='ocrx_word' id='word_1_209' title='bbox 338 2795 492 2852; x_wconf 77' lang='lat' dir='ltr'><strong>aeternam.</strong></span> 
     </span>
    </p>
   </div>
   <div class='ocr_carea' id='block_1_9' title="bbox 90 2889 1006 3503">
    <p class='ocr_par' dir='ltr' id='par_1_9' title="bbox 133 2889 545 2979">
     <span class='ocr_line' id='line_1_32' title="bbox 133 2889 545 2979; baseline 0.005 -25"><span class='ocrx_word' id='word_1_210' title='bbox 133 2889 248 2954; x_wconf 82' lang='lat' dir='ltr'><strong>Postea</strong></span> <span class='ocrx_word' id='word_1_211' title='bbox 268 2894 367 2955; x_wconf 77' lang='lat' dir='ltr'><strong>dicat.-</strong></span> <span class='ocrx_word' id='word_1_212' title='bbox 542 2974 545 2979; x_wconf 86' lang='lat'><strong>.</strong></span> 
     </span>
    </p>

    <p class='ocr_par' dir='ltr' id='par_1_10' title="bbox 132 2988 887 3080">
     <span class='ocr_line' id='line_1_33' title="bbox 132 2988 887 3080; baseline 0 -21"><span class='ocrx_word' id='word_1_213' title='bbox 132 2988 176 3067; x_wconf 64' lang='lat' dir='ltr'><strong>V.</strong></span> <span class='ocrx_word' id='word_1_214' title='bbox 198 2999 392 3080; x_wconf 89' lang='lat' dir='ltr'><strong>Adjutorium</strong></span> <span class='ocrx_word' id='word_1_215' title='bbox 411 3002 547 3062; x_wconf 85' lang='lat' dir='ltr'><strong>nostrum</strong></span> <span class='ocrx_word' id='word_1_216' title='bbox 566 2999 599 3060; x_wconf 93' lang='lat' dir='ltr'><strong>in</strong></span> <span class='ocrx_word' id='word_1_217' title='bbox 613 2999 734 3061; x_wconf 86' lang='lat' dir='ltr'><strong>nomine</strong></span> <span class='ocrx_word' id='word_1_218' title='bbox 754 2998 887 3061; x_wconf 88' lang='lat' dir='ltr'><strong>Domini.</strong></span> 
     </span>
    </p>

    <p class='ocr_par' dir='ltr' id='par_1_11' title="bbox 134 3088 753 3191">
     <span class='ocr_line' id='line_1_34' title="bbox 134 3088 753 3191; baseline 0 -27"><span class='ocrx_word' id='word_1_219' title='bbox 134 3088 175 3176; x_wconf 72' lang='lat' dir='ltr'><strong>ll·</strong></span> <span class='ocrx_word' id='word_1_220' title='bbox 197 3105 256 3179; x_wconf 89' lang='lat' dir='ltr'><strong>Qui</strong></span> <span class='ocrx_word' id='word_1_221' title='bbox 269 3105 345 3167; x_wconf 88' lang='lat' dir='ltr'><strong>fecit</strong></span> <span class='ocrx_word' id='word_1_222' title='bbox 358 3107 468 3167; x_wconf 88' lang='lat' dir='ltr'><strong>coelum</strong></span> <span class='ocrx_word' id='word_1_223' title='bbox 483 3112 514 3168; x_wconf 89' lang='lat' dir='ltr'><strong>et</strong></span> <span class='ocrx_word' id='word_1_224' title='bbox 527 3110 649 3168; x_wconf 85' lang='lat' dir='ltr'><strong>terram.</strong></span> <span class='ocrx_word' id='word_1_225' title='bbox 750 3186 753 3191; x_wconf 20' lang='grc' dir='ltr'><strong><em>Ι</em></strong></span> 
     </span>
    </p>

    <p class='ocr_par' dir='ltr' id='par_1_12' title="bbox 90 3198 1006 3503">
     <span class='ocr_line' id='line_1_35' title="bbox 134 3198 1006 3284; baseline 0.003 -15"><span class='ocrx_word' id='word_1_226' title='bbox 134 3209 211 3270; x_wconf 86' lang='lat' dir='ltr'><strong>Ant.</strong></span> <span class='ocrx_word' id='word_1_227' title='bbox 242 3212 292 3272; x_wconf 92' lang='lat' dir='ltr'><strong>Ne</strong></span> <span class='ocrx_word' id='word_1_228' title='bbox 312 3212 526 3284; x_wconf 86' lang='lat' dir='ltr'><strong>reminiscaris,</strong></span> <span class='ocrx_word' id='word_1_229' title='bbox 546 3198 688 3283; x_wconf 79' lang='lat' dir='ltr'><strong>Domine,</strong></span> <span class='ocrx_word' id='word_1_230' title='bbox 704 3212 817 3274; x_wconf 89' lang='lat' dir='ltr'><strong>delicta</strong></span> <span class='ocrx_word' id='word_1_231' title='bbox 836 3211 941 3273; x_wconf 81' lang='lat' dir='ltr'><strong>famuli</strong></span> <span class='ocrx_word' id='word_1_232' title='bbox 960 3212 1006 3273; x_wconf 90' lang='lat' dir='ltr'><strong>tui</strong></span> 
     </span>
     <span class='ocr_line' id='line_1_36' title="bbox 91 3313 1003 3399; baseline 0 -23"><span class='ocrx_word' id='word_1_233' title='bbox 91 3315 158 3398; x_wconf 86' lang='lat' dir='ltr'><strong>(cel</strong></span> <span class='ocrx_word' id='word_1_234' title='bbox 182 3316 300 3376; x_wconf 85' lang='lat' dir='ltr'><strong>ancillae</strong></span> <span class='ocrx_word' id='word_1_235' title='bbox 324 3313 406 3397; x_wconf 65' lang='lat' dir='ltr'><strong>tum)</strong></span> <span class='ocrx_word' id='word_1_236' title='bbox 431 3337 530 3399; x_wconf 90' lang='lat' dir='ltr'><strong>neque</strong></span> <span class='ocrx_word' id='word_1_237' title='bbox 554 3318 721 3388; x_wconf 84' lang='lat' dir='ltr'><strong>vindictam</strong></span> <span class='ocrx_word' id='word_1_238' title='bbox 746 3338 846 3379; x_wconf 87' lang='lat' dir='ltr'><strong>sumas</strong></span> <span class='ocrx_word' id='word_1_239' title='bbox 870 3318 909 3378; x_wconf 88' lang='lat' dir='ltr'><strong>de</strong></span> <span class='ocrx_word' id='word_1_240' title='bbox 933 3336 1003 3398; x_wconf 90' lang='lat' dir='ltr'><strong>pec-</strong></span> 
     </span>
     <span class='ocr_line' id='line_1_37' title="bbox 90 3421 591 3503; baseline -0.004 -19"><span class='ocrx_word' id='word_1_241' title='bbox 90 3421 172 3484; x_wconf 85' lang='lat' dir='ltr'><strong>catis</strong></span> <span class='ocrx_word' id='word_1_242' title='bbox 189 3423 264 3503; x_wconf 91' lang='lat' dir='ltr'><strong>ejus.</strong></span> <span class='ocrx_word' id='word_1_243' title='bbox 589 3428 591 3433; x_wconf 80' lang='grc'>’</span> 
     </span>
    </p>
   </div>
   <div class='ocr_carea' id='block_1_10' title="bbox 0 0 1127 4006">
    <p class='ocr_par' dir='ltr' id='par_1_13' title="bbox 0 0 1127 4006">
     <span class='ocr_line' id='line_1_38' title="bbox 0 0 1127 4006; baseline 0 0"><span class='ocrx_word' id='word_1_244' title='bbox 0 0 1127 4006; x_wconf 95' lang='lat' dir='ltr'><strong> </strong></span> 
     </span>
    </p>
   </div>
  </div>
 </body>
</html>
