2234 4006
465 110 500 207 ις

363 274 403 319 ur
425 272 714 369 nrneprcrromnos.
940 266 996 322 tol
1052 337 1053 341 Ἰ

83 416 263 481 fundatione
289 416 458 499 ponendus,
483 420 537 499 qui
563 420 656 482 debet
642 424 749 481 tesse
775 419 939 522 quadratus
967 425 1000 482 et

84 499 250 580 angularis,
266 499 464 567 benedicatur
476 500 533 562 hoc
548 501 649 563 modo.

125 579 276 640 Sacerdos
300 578 426 641 indutus
451 581 574 653 amictu,
593 578 678 650 alba,
703 578 836 665 cingulo,
859 581 949 652 stole,
969 588 1001 642 et
1072 658 1075 662 Ι

102 660 212 720 luviali
226 659 287 721 albi
307 661 428 732 coloris,
444 627 589 723 adhibitis
602 661 643 723 aii
667 667 721 722 uot
741 658 954 723 Sacerdotibus
969 667 1001 723 et

81 681 229 812 iilericis,
258 740 353 800 salem
380 748 413 802 et
439 761 548 821 aquam
573 678 795 813 benedicits'
745 741 826 803 nisi
857 740 947 823 prius
968 742 1002 802 in

81 827 227 915 promptu
251 820 392 885 bubeut
396 842 445 891 am
469 822 675 884 benedictam
685 787 849 885 ordinatio
853 821 1002 894 benedic-

85 901 184 977 tione,
202 907 240 963 ut
260 921 326 995 sup
346 902 401 965 fo.
417 906 486 962 114.
525 902 568 963 Et
555 902 709 963 tinterim
729 901 801 963 dum
823 905 1003 972 cantaturo

81 979 217 1042 Clericis
241 974 425 1076 Antiphone·
446 1002 514 1044 curn
541 982 664 1045 Psalmo
691 983 842 1062 seqbenti,
868 982 1001 1065 aspergit

79 1062 186 1122 locum
198 1061 250 1125 obi
265 1062 349 1123 me
362 1063 460 1157 posita
474 1069 531 1135 est,
547 1082 625 1124 cum
629 1082 710 1143 aqua
721 1062 893 1125 benedicta.

117 1167 196 1227 Ant.
219 1167 343 1249 Signum
365 1153 472 1230 salitis
486 1189 564 1249 pone
584 1169 715 1231 Domine
729 1170 802 1230 Jesu
823 1168 926 1229 Christ
913 1175 944 1229 te
963 1140 1007 1231 iu¹

78 1274 150 1334 loco
171 1273 242 1344 isto,
263 1280 380 1337 utnon·
398 1274 555 1355 permittas
577 1273 703 1335 introire
723 1273 863 1357 angelum
888 1295 997 1355 percu·

83 1378 227 1438 tientem.

456 1507 590 1563 essemus
605 1518 638 1571 aa

163 1651 261 1712 UAM
274 1647 389 1712 dilecte
398 1652 594 1725 tabernacula
606 1656 660 1715 tut
669 1650 872 1712 Dominet
810 1671 858 1711 vrr
859 1657 973 1712 t.utum
967 1651 972 1688 ¹
984 1653 1002 1688 ³*

78 1656 164 1857 Q
185 1755 374 1851 concupiscit
386 1760 418 1816 et
429 1755 534 1817 deficit
546 1756 647 1819 anima
655 1774 724 1816 rnea
736 1756 811 1817 inot
812 1756 856 1816 rie
798 1755 1000 1816 tDomini

83 1832 190 1931 ’.ἶ-’.θοι
213 1880 314 1927 meum
338 1868 371 1925 ct
391 1882 460 1923 caro
480 1882 549 1923 mee
569 1864 586 1902 ³*
607 1861 853 1925 exultaverunt
808 1867 877 1924 tm
899 1863 999 1925 Deum

84 1968 223 2033 rirum'
330 2000 334 2009 ·
412 1986 416 1993 '

124 2073 249 2136 Etenim
276 2070 528 2159 passerinvdnit
550 2072 608 2135 eibi
635 2072 775 2133 domum:
799 2075 817 2111 ³*
841 2078 873 2135 et
898 2077 999 2135 turtur

85 2179 196 2240 nidum
216 2179 284 2249 sibi,
305 2179 356 2240 ubi
376 2185 470 2261 ponat
486 2176 588 2266 pullos
610 2198 690 2239 suos.

125 2284 248 2346 Altaria
261 2290 314 2346 tua
326 2284 455 2345 Domine
468 2284 633 2346 virtutum:
648 2287 665 2324 *
678 2285 747 2344 Rex
760 2304 856 2356 meus,
871 2290 902 2346 et
916 2287 999 2347 Deus

87 2410 186 2451 meus.
236 2371 237 2374 Ἴ
536 2470 538 2475 Ι

78 2572 80 2577 Ι
126 2496 228 2566 Beati,
240 2496 293 2575 qui
303 2495 440 2558 habitant
452 2495 485 2556 in
496 2495 584 2573 domo
595 2500 649 2557 tua
659 2496 788 2557 Domine
798 2516 806 2554 ι
818 2499 835 2534 *
846 2495 878 2555 in
889 2496 1000 2561 saecula
1070 2482 1074 2489 ⁵

85 2601 267 2663 seculorum
280 2601 449 2662 laudabunt
463 2607 505 2662 te.
601 2656 605 2666 ,
926 2581 928 2585 ,

96 2750 100 2757 -
126 2711 243 2771 Beatus
256 2709 314 2779 vir,
330 2709 416 2788 cujus
431 2713 479 2790 est
490 2706 637 2768 auxilium
649 2708 702 2767 abs
715 2708 765 2767 te:
777 2704 794 2738 ⁴*
806 2703 998 2765 ascensiones

85 2814 236 2884 incorde
255 2833 309 2875 suo
330 2806 491 2895 disposuit,
503 2813 536 2874 in
549 2813 630 2874 valle
650 2811 863 2892 lacrymarum,
877 2810 912 2871 in
930 2810 998 2872 loco

87 2939 179 3000 quem
193 2918 305 3000 posuit.
361 2967 365 2977 ,

127 3025 253 3087 Etenim
278 3023 519 3086 benedictionem
547 3021 632 3084 dabit
656 3019 822 3104 legislator,
847 3021 933 3083 ibunt
960 3022 999 3083 de

86 3131 203 3194 virtute
216 3130 249 3191 in
262 3128 423 3192 virtutem:
438 3132 456 3170 i*
469 3129 621 3190 videbitur
634 3127 718 3190 Deus
732 3128 858 3190 deorum
869 3127 902 3189 in
916 3126 1000 3189 Sion.

130 3223 261 3299 Domine
283 3237 366 3297 Deus
379 3235 527 3297 virtutum
547 3235 658 3298 exaudi
677 3233 846 3298 orationem
854 3252 969 3297 meam:
982 3236 1000 3272 ¹*

90 3343 214 3405 auribus
228 3341 351 3424 percipe
370 3342 454 3419 Deus
467 3341 485 3403 J
487 3344 571 3403 acob.

131 3428 292 3511 Protector
301 3453 405 3510 noster
415 3446 517 3529 aspice
530 3449 705 3513 Deusz*et
716 3446 834 3529 respice
846 3443 1000 3515 infaciem
1057 3458 1070 3491 ι

91 3550 210 3617 Christi
223 3551 279 3615 tui.
