<?xml version="1.0" encoding="UTF-8"?>
<!DOCTYPE html PUBLIC "-//W3C//DTD XHTML 1.0 Transitional//EN"
    "http://www.w3.org/TR/xhtml1/DTD/xhtml1-transitional.dtd">
<html xmlns="http://www.w3.org/1999/xhtml" xml:lang="en" lang="en">
 <head>
  <title>
</title>
<meta http-equiv="Content-Type" content="text/html;charset=utf-8" />
  <meta name='ocr-system' content='tesseract 3.04.00' />
  <meta name='ocr-capabilities' content='ocr_page ocr_carea ocr_par ocr_line ocrx_word'/>
</head>
<body>
  <div class='ocr_page' id='page_1' title='image "./compendiumritua00mdgoog_0032.png"; bbox 0 0 2234 4006; ppageno 0'>
   <div class='ocr_carea' id='block_1_1' title="bbox 334 267 1004 332">
    <p class='ocr_par' dir='ltr' id='par_1_1' title="bbox 334 267 1004 332">
     <span class='ocr_line' id='line_1_1' title="bbox 334 267 1004 332; baseline -0.001 -2"><span class='ocrx_word' id='word_1_1' title='bbox 334 288 373 330; x_wconf 82' lang='lat' dir='ltr'>nn</span> <span class='ocrx_word' id='word_1_2' title='bbox 396 267 594 332; x_wconf 75' lang='lat' dir='ltr'>ssomnnro</span> <span class='ocrx_word' id='word_1_3' title='bbox 614 288 767 331; x_wconf 79' lang='lat' dir='ltr'>nnrrrsrsr.</span> <span class='ocrx_word' id='word_1_4' title='bbox 966 273 1004 329; x_wconf 83' lang='lat'>21</span> 
     </span>
    </p>
   </div>
   <div class='ocr_carea' id='block_1_2' title="bbox 94 429 1007 1040">
    <p class='ocr_par' dir='ltr' id='par_1_2' title="bbox 94 429 1007 1040">
     <span class='ocr_line' id='line_1_2' title="bbox 97 429 1006 513; baseline -0.006 -21"><span class='ocrx_word' id='word_1_5' title='bbox 97 430 214 513; x_wconf 83' lang='lat' dir='ltr'>Spiritu</span> <span class='ocrx_word' id='word_1_6' title='bbox 238 436 356 501; x_wconf 78' lang='lat' dir='ltr'>saneto,</span> <span class='ocrx_word' id='word_1_7' title='bbox 378 439 468 493; x_wconf 86' lang='lat' dir='ltr'>notus</span> <span class='ocrx_word' id='word_1_8' title='bbox 492 450 530 491; x_wconf 87' lang='lat' dir='ltr'>ex</span> <span class='ocrx_word' id='word_1_9' title='bbox 553 429 655 492; x_wconf 80' lang='lat' dir='ltr'>Meris</span> <span class='ocrx_word' id='word_1_10' title='bbox 673 429 801 511; x_wconf 80' lang='lat' dir='ltr'>virgine,</span> <span class='ocrx_word' id='word_1_11' title='bbox 822 447 929 510; x_wconf 80' lang='lat' dir='ltr'>pessus</span> <span class='ocrx_word' id='word_1_12' title='bbox 951 429 1006 489; x_wconf 89' lang='lat' dir='ltr'>sub</span> 
     </span>
     <span class='ocr_line' id='line_1_3' title="bbox 95 533 1006 616; baseline -0.005 -18"><span class='ocrx_word' id='word_1_13' title='bbox 95 537 207 598; x_wconf 92' lang='lat' dir='ltr'>Pontio</span> <span class='ocrx_word' id='word_1_14' title='bbox 226 537 338 608; x_wconf 77' lang='lat' dir='ltr'><strong>Pilato,</strong></span> <span class='ocrx_word' id='word_1_15' title='bbox 353 535 528 607; x_wconf 81' lang='lat' dir='ltr'>crucifixus,</span> <span class='ocrx_word' id='word_1_16' title='bbox 548 542 695 607; x_wconf 89' lang='lat' dir='ltr'>mortuus,</span> <span class='ocrx_word' id='word_1_17' title='bbox 709 543 741 597; x_wconf 98' lang='lat' dir='ltr'>et</span> <span class='ocrx_word' id='word_1_18' title='bbox 760 535 916 616; x_wconf 84' lang='lat' dir='ltr'>sepultus:</span> <span class='ocrx_word' id='word_1_19' title='bbox 937 533 1006 594; x_wconf 61' lang='lat' dir='ltr'>dese</span> 
     </span>
     <span class='ocr_line' id='line_1_4' title="bbox 96 639 1007 705; baseline -0.005 -1"><span class='ocrx_word' id='word_1_20' title='bbox 96 643 203 705; x_wconf 81' lang='lat' dir='ltr'><strong>cendit</strong></span> <span class='ocrx_word' id='word_1_21' title='bbox 223 643 262 704; x_wconf 78' lang='lat' dir='ltr'>ud</span> <span class='ocrx_word' id='word_1_22' title='bbox 286 642 418 703; x_wconf 86' lang='lat' dir='ltr'>inferos:</span> <span class='ocrx_word' id='word_1_23' title='bbox 443 641 535 703; x_wconf 83' lang='lat' dir='ltr'>tertis</span> <span class='ocrx_word' id='word_1_24' title='bbox 555 640 606 701; x_wconf 92' lang='lat' dir='ltr'>die</span> <span class='ocrx_word' id='word_1_25' title='bbox 628 641 795 703; x_wconf 82' lang='lat' dir='ltr'>resurrexit</span> <span class='ocrx_word' id='word_1_26' title='bbox 819 642 838 700; x_wconf 72' lang='lat' dir='ltr'>d</span> <span class='ocrx_word' id='word_1_27' title='bbox 861 639 1007 703; x_wconf 79' lang='lat' dir='ltr'>mortuis:</span> 
     </span>
     <span class='ocr_line' id='line_1_5' title="bbox 94 745 1007 819; baseline -0.004 -10"><span class='ocrx_word' id='word_1_28' title='bbox 94 746 237 810; x_wconf 82' lang='lat' dir='ltr'>ascendit</span> <span class='ocrx_word' id='word_1_29' title='bbox 249 748 287 809; x_wconf 82' lang='lat' dir='ltr'>sd</span> <span class='ocrx_word' id='word_1_30' title='bbox 309 748 414 819; x_wconf 85' lang='lat' dir='ltr'>ooelos,</span> <span class='ocrx_word' id='word_1_31' title='bbox 428 747 516 808; x_wconf 89' lang='lat' dir='ltr'>sedet</span> <span class='ocrx_word' id='word_1_32' title='bbox 528 747 566 808; x_wconf 83' lang='lat' dir='ltr'>sd</span> <span class='ocrx_word' id='word_1_33' title='bbox 583 747 737 809; x_wconf 77' lang='lat' dir='ltr'>dexteram</span> <span class='ocrx_word' id='word_1_34' title='bbox 758 746 816 807; x_wconf 88' lang='lat' dir='ltr'>Dei</span> <span class='ocrx_word' id='word_1_35' title='bbox 830 745 930 807; x_wconf 81' lang='lat' dir='ltr'>Patris</span> <span class='ocrx_word' id='word_1_36' title='bbox 944 764 1007 806; x_wconf 89' lang='lat' dir='ltr'>om·</span> 
     </span>
     <span class='ocr_line' id='line_1_6' title="bbox 96 851 1006 937; baseline -0.002 -23"><span class='ocrx_word' id='word_1_37' title='bbox 96 854 282 937; x_wconf 85' lang='lat' dir='ltr'>nipotontis:</span> <span class='ocrx_word' id='word_1_38' title='bbox 302 853 374 915; x_wconf 88' lang='lat' dir='ltr'>inde</span> <span class='ocrx_word' id='word_1_39' title='bbox 388 859 535 914; x_wconf 83' lang='lat' dir='ltr'>venturus</span> <span class='ocrx_word' id='word_1_40' title='bbox 554 858 602 914; x_wconf 91' lang='lat' dir='ltr'>est</span> <span class='ocrx_word' id='word_1_41' title='bbox 616 852 756 931; x_wconf 78' lang='lat' dir='ltr'>judicare</span> <span class='ocrx_word' id='word_1_42' title='bbox 769 851 855 914; x_wconf 82' lang='lat' dir='ltr'>vivos</span> <span class='ocrx_word' id='word_1_43' title='bbox 876 857 908 913; x_wconf 88' lang='lat' dir='ltr'>et</span> <span class='ocrx_word' id='word_1_44' title='bbox 926 872 1006 912; x_wconf 90' lang='lat' dir='ltr'>mor-</span> 
     </span>
     <span class='ocr_line' id='line_1_7' title="bbox 95 958 1007 1040; baseline -0.003 -19"><span class='ocrx_word' id='word_1_45' title='bbox 95 967 175 1022; x_wconf 86' lang='lat' dir='ltr'>tuos.</span> <span class='ocrx_word' id='word_1_46' title='bbox 219 959 320 1020; x_wconf 85' lang='lat' dir='ltr'>Credo</span> <span class='ocrx_word' id='word_1_47' title='bbox 341 959 373 1018; x_wconf 94' lang='lat' dir='ltr'>in</span> <span class='ocrx_word' id='word_1_48' title='bbox 400 958 545 1040; x_wconf 86' lang='lat' dir='ltr'>Spiritum</span> <span class='ocrx_word' id='word_1_49' title='bbox 565 965 715 1029; x_wconf 84' lang='lat' dir='ltr'>sunctum,</span> <span class='ocrx_word' id='word_1_50' title='bbox 737 963 874 1019; x_wconf 81' lang='lat' dir='ltr'>sanctam</span> <span class='ocrx_word' id='word_1_51' title='bbox 898 958 1007 1019; x_wconf 81' lang='lat' dir='ltr'>Eoele-</span> 
     </span>
    </p>
   </div>
   <div class='ocr_carea' id='block_1_3' title="bbox 96 1063 1073 1246">
    <p class='ocr_par' dir='ltr' id='par_1_3' title="bbox 96 1063 1073 1246">
     <span class='ocr_line' id='line_1_8' title="bbox 96 1063 1007 1135; baseline -0.001 -10"><span class='ocrx_word' id='word_1_52' title='bbox 96 1066 173 1126; x_wconf 77' lang='lat' dir='ltr'>siem</span> <span class='ocrx_word' id='word_1_53' title='bbox 199 1063 397 1134; x_wconf 77' lang='lat' dir='ltr'>Catholicnm,</span> <span class='ocrx_word' id='word_1_54' title='bbox 423 1065 603 1125; x_wconf 77' lang='lat' dir='ltr'>Sanctorum</span> <span class='ocrx_word' id='word_1_55' title='bbox 626 1063 877 1135; x_wconf 84' lang='lat' dir='ltr'>communionem,</span> <span class='ocrx_word' id='word_1_56' title='bbox 901 1063 1007 1124; x_wconf 85' lang='lat' dir='ltr'>remis-</span> 
     </span>
     <span class='ocr_line' id='line_1_9' title="bbox 97 1150 1073 1246; baseline -0.001 -21"><span class='ocrx_word' id='word_1_57' title='bbox 97 1166 214 1226; x_wconf 89' lang='lat' dir='ltr'>sionem</span> <span class='ocrx_word' id='word_1_58' title='bbox 246 1169 451 1246; x_wconf 78' lang='lat' dir='ltr'>peccatorum,</span> <span class='ocrx_word' id='word_1_59' title='bbox 485 1163 584 1225; x_wconf 85' lang='lat' dir='ltr'>carnis</span> <span class='ocrx_word' id='word_1_60' title='bbox 619 1163 882 1234; x_wconf 82' lang='lat' dir='ltr'>resurrectionem,</span> <span class='ocrx_word' id='word_1_61' title='bbox 913 1164 1008 1226; x_wconf 84' lang='lat' dir='ltr'>vitem</span> <span class='ocrx_word' id='word_1_62' title='bbox 1071 1150 1073 1157; x_wconf 55' lang='grc'>’</span> 
     </span>
    </p>
   </div>
   <div class='ocr_carea' id='block_1_4' title="bbox 96 1270 1010 2205">
    <p class='ocr_par' dir='ltr' id='par_1_4' title="bbox 96 1270 1010 2205">
     <span class='ocr_line' id='line_1_10' title="bbox 96 1270 405 1333; baseline -0.01 0"><span class='ocrx_word' id='word_1_63' title='bbox 96 1279 255 1333; x_wconf 82' lang='lat' dir='ltr'>aeternam.</span> <span class='ocrx_word' id='word_1_64' title='bbox 294 1270 405 1331; x_wconf 81' lang='lat' dir='ltr'>Amen.</span> 
     </span>
     <span class='ocr_line' id='line_1_11' title="bbox 135 1356 1008 1456; baseline -0.001 -20"><span class='ocrx_word' id='word_1_65' title='bbox 135 1356 138 1361; x_wconf 40' lang='grc'><strong>’</strong></span> <span class='ocrx_word' id='word_1_66' title='bbox 168 1376 286 1436; x_wconf 72' lang='lat' dir='ltr'>Auru</span> <span class='ocrx_word' id='word_1_67' title='bbox 297 1381 410 1447; x_wconf 82' lang='lat' dir='ltr'>noster,</span> <span class='ocrx_word' id='word_1_68' title='bbox 420 1375 473 1456; x_wconf 93' lang='lat' dir='ltr'>qui</span> <span class='ocrx_word' id='word_1_69' title='bbox 484 1395 517 1437; x_wconf 88' lang='lat' dir='ltr'>es</span> <span class='ocrx_word' id='word_1_70' title='bbox 528 1374 560 1436; x_wconf 92' lang='lat' dir='ltr'>in</span> <span class='ocrx_word' id='word_1_71' title='bbox 572 1375 670 1446; x_wconf 85' lang='lat' dir='ltr'>ooelis,</span> <span class='ocrx_word' id='word_1_72' title='bbox 682 1374 889 1437; x_wconf 77' lang='lat' dir='ltr'>sanctificetur</span> <span class='ocrx_word' id='word_1_73' title='bbox 899 1396 1008 1437; x_wconf 89' lang='lat' dir='ltr'>nomen</span> 
     </span>
     <span class='ocr_line' id='line_1_12' title="bbox 186 1481 1009 1563; baseline 0 -21"><span class='ocrx_word' id='word_1_74' title='bbox 186 1487 288 1543; x_wconf 79' lang='lat' dir='ltr'>tuum:</span> <span class='ocrx_word' id='word_1_75' title='bbox 309 1481 452 1543; x_wconf 79' lang='lat' dir='ltr'>adveniet</span> <span class='ocrx_word' id='word_1_76' title='bbox 463 1501 589 1563; x_wconf 86' lang='lat' dir='ltr'>regnum</span> <span class='ocrx_word' id='word_1_77' title='bbox 603 1487 706 1543; x_wconf 82' lang='lat' dir='ltr'>tuum:</span> <span class='ocrx_word' id='word_1_78' title='bbox 727 1482 931 1545; x_wconf 80' lang='lat' dir='ltr'>fintvoluntss</span> <span class='ocrx_word' id='word_1_79' title='bbox 945 1489 1009 1552; x_wconf 82' lang='lat' dir='ltr'>tuo,</span> 
     </span>
     <span class='ocr_line' id='line_1_13' title="bbox 97 1586 1008 1670; baseline 0.001 -22"><span class='ocrx_word' id='word_1_80' title='bbox 97 1586 180 1649; x_wconf 89' lang='lat' dir='ltr'>sicut</span> <span class='ocrx_word' id='word_1_81' title='bbox 200 1587 232 1647; x_wconf 94' lang='lat' dir='ltr'>in</span> <span class='ocrx_word' id='word_1_82' title='bbox 247 1588 336 1658; x_wconf 90' lang='lat' dir='ltr'>eoelo,</span> <span class='ocrx_word' id='word_1_83' title='bbox 350 1587 427 1649; x_wconf 90' lang='lat' dir='ltr'>etin</span> <span class='ocrx_word' id='word_1_84' title='bbox 448 1593 540 1649; x_wconf 81' lang='lat' dir='ltr'>terro.</span> <span class='ocrx_word' id='word_1_85' title='bbox 578 1588 693 1651; x_wconf 84' lang='lat' dir='ltr'>Penem</span> <span class='ocrx_word' id='word_1_86' title='bbox 706 1594 843 1650; x_wconf 89' lang='lat' dir='ltr'>nostrum</span> <span class='ocrx_word' id='word_1_87' title='bbox 858 1588 1008 1670; x_wconf 88' lang='lat' dir='ltr'>quotidin-</span> 
     </span>
     <span class='ocr_line' id='line_1_14' title="bbox 97 1692 1009 1761; baseline 0.003 -9"><span class='ocrx_word' id='word_1_88' title='bbox 97 1712 172 1753; x_wconf 88' lang='lat' dir='ltr'>num</span> <span class='ocrx_word' id='word_1_89' title='bbox 192 1692 332 1755; x_wconf 77' lang='lat' dir='ltr'>danobis</span> <span class='ocrx_word' id='word_1_90' title='bbox 350 1692 457 1754; x_wconf 76' lang='lat' dir='ltr'>hodiez</span> <span class='ocrx_word' id='word_1_91' title='bbox 479 1700 511 1755; x_wconf 87' lang='lat' dir='ltr'>et</span> <span class='ocrx_word' id='word_1_92' title='bbox 529 1693 649 1757; x_wconf 80' lang='lat' dir='ltr'>dimitte</span> <span class='ocrx_word' id='word_1_93' title='bbox 668 1695 753 1756; x_wconf 93' lang='lat' dir='ltr'>nobis</span> <span class='ocrx_word' id='word_1_94' title='bbox 774 1694 876 1756; x_wconf 74' lang='lat' dir='ltr'>debite</span> <span class='ocrx_word' id='word_1_95' title='bbox 895 1702 1009 1761; x_wconf 79' lang='lat' dir='ltr'>nostre,</span> 
     </span>
     <span class='ocr_line' id='line_1_15' title="bbox 97 1798 1009 1862; baseline -0.001 -2"><span class='ocrx_word' id='word_1_96' title='bbox 97 1798 180 1860; x_wconf 87' lang='lat' dir='ltr'>sicut</span> <span class='ocrx_word' id='word_1_97' title='bbox 200 1805 232 1861; x_wconf 91' lang='lat' dir='ltr'>et</span> <span class='ocrx_word' id='word_1_98' title='bbox 255 1818 310 1860; x_wconf 95' lang='lat' dir='ltr'>nos</span> <span class='ocrx_word' id='word_1_99' title='bbox 334 1798 515 1861; x_wconf 86' lang='lat' dir='ltr'>dimittimus</span> <span class='ocrx_word' id='word_1_100' title='bbox 539 1799 724 1862; x_wconf 88' lang='lat' dir='ltr'>debitoribus</span> <span class='ocrx_word' id='word_1_101' title='bbox 745 1800 867 1861; x_wconf 87' lang='lat' dir='ltr'>nostris.</span> <span class='ocrx_word' id='word_1_102' title='bbox 907 1800 950 1860; x_wconf 84' lang='lat' dir='ltr'>Et</span> <span class='ocrx_word' id='word_1_103' title='bbox 971 1818 1009 1859; x_wconf 90' lang='lat' dir='ltr'>ne</span> 
     </span>
     <span class='ocr_line' id='line_1_16' title="bbox 96 1903 1010 1966; baseline -0.001 -2"><span class='ocrx_word' id='word_1_104' title='bbox 96 1924 155 1964; x_wconf 94' lang='lat' dir='ltr'>nos</span> <span class='ocrx_word' id='word_1_105' title='bbox 174 1903 302 1965; x_wconf 78' lang='lat' dir='ltr'>inducas</span> <span class='ocrx_word' id='word_1_106' title='bbox 324 1904 357 1965; x_wconf 93' lang='lat' dir='ltr'>in</span> <span class='ocrx_word' id='word_1_107' title='bbox 382 1904 596 1966; x_wconf 78' lang='lat' dir='ltr'>tentationem:</span> <span class='ocrx_word' id='word_1_108' title='bbox 618 1905 673 1966; x_wconf 88' lang='lat' dir='ltr'>sed</span> <span class='ocrx_word' id='word_1_109' title='bbox 695 1904 791 1965; x_wconf 80' lang='lat' dir='ltr'>libera</span> <span class='ocrx_word' id='word_1_110' title='bbox 812 1923 866 1964; x_wconf 88' lang='lat' dir='ltr'>nos</span> <span class='ocrx_word' id='word_1_111' title='bbox 881 1904 901 1963; x_wconf 71' lang='lat' dir='ltr'>d</span> <span class='ocrx_word' id='word_1_112' title='bbox 919 1903 1010 1964; x_wconf 79' lang='lat' dir='ltr'>molo.</span> 
     </span>
     <span class='ocr_line' id='line_1_17' title="bbox 98 1989 702 2070; baseline -0.008 0"><span class='ocrx_word' id='word_1_113' title='bbox 98 2012 211 2070; x_wconf 87' lang='lat' dir='ltr'>Amen.</span> <span class='ocrx_word' id='word_1_114' title='bbox 579 1989 581 1993; x_wconf 39' lang='grc'>’</span> <span class='ocrx_word' id='word_1_115' title='bbox 699 2060 702 2065; x_wconf 80' lang='grc'><strong><em>,</em></strong></span> 
     </span>
     <span class='ocr_line' id='line_1_18' title="bbox 138 2113 1010 2205; baseline 0.002 -31"><span class='ocrx_word' id='word_1_116' title='bbox 138 2113 185 2174; x_wconf 73' lang='lat' dir='ltr'>Ac</span> <span class='ocrx_word' id='word_1_117' title='bbox 197 2114 312 2185; x_wconf 83' lang='lat' dir='ltr'>deinde,</span> <span class='ocrx_word' id='word_1_118' title='bbox 325 2122 481 2205; x_wconf 75' lang='lat' dir='ltr'>antequam</span> <span class='ocrx_word' id='word_1_119' title='bbox 492 2115 612 2176; x_wconf 81' lang='lat' dir='ltr'>accedat</span> <span class='ocrx_word' id='word_1_120' title='bbox 622 2114 664 2177; x_wconf 88' lang='lat' dir='ltr'>od</span> <span class='ocrx_word' id='word_1_121' title='bbox 671 2114 901 2194; x_wconf 72' lang='lat' dir='ltr'>Baptiotoimo,</span> <span class='ocrx_word' id='word_1_122' title='bbox 912 2115 1010 2179; x_wconf 80' lang='lat' dir='ltr'>dieat.-</span> 
     </span>
    </p>
   </div>
   <div class='ocr_carea' id='block_1_5' title="bbox 437 2292 673 2345">
    <p class='ocr_par' dir='ltr' id='par_1_5' title="bbox 437 2292 673 2345">
     <span class='ocr_line' id='line_1_19' title="bbox 437 2292 673 2345; baseline 0.008 -3"><span class='ocrx_word' id='word_1_123' title='bbox 437 2292 673 2345; x_wconf 85' lang='lat' dir='ltr'>EXORCISMUS.</span> 
     </span>
    </p>
   </div>
   <div class='ocr_carea' id='block_1_6' title="bbox 96 2427 1011 2828">
    <p class='ocr_par' dir='ltr' id='par_1_6' title="bbox 96 2427 1011 2828">
     <span class='ocr_line' id='line_1_20' title="bbox 170 2427 1010 2518; baseline 0.008 -32"><span class='ocrx_word' id='word_1_124' title='bbox 170 2427 356 2518; x_wconf 75' lang='lat' dir='ltr'>xoRolzo</span> <span class='ocrx_word' id='word_1_125' title='bbox 370 2432 402 2489; x_wconf 86' lang='lat' dir='ltr'>le</span> <span class='ocrx_word' id='word_1_126' title='bbox 415 2427 513 2489; x_wconf 87' lang='lat' dir='ltr'>omnis</span> <span class='ocrx_word' id='word_1_127' title='bbox 527 2427 652 2510; x_wconf 88' lang='lat' dir='ltr'>spiritus</span> <span class='ocrx_word' id='word_1_128' title='bbox 664 2428 831 2501; x_wconf 84' lang='lat' dir='ltr'>immunde,</span> <span class='ocrx_word' id='word_1_129' title='bbox 843 2429 876 2491; x_wconf 94' lang='lat' dir='ltr'>in</span> <span class='ocrx_word' id='word_1_130' title='bbox 890 2433 1010 2493; x_wconf 89' lang='lat' dir='ltr'>nomine</span> 
     </span>
     <span class='ocr_line' id='line_1_21' title="bbox 190 2531 1010 2614; baseline 0.007 -22"><span class='ocrx_word' id='word_1_131' title='bbox 190 2531 249 2594; x_wconf 89' lang='lat' dir='ltr'>Dei</span> <span class='ocrx_word' id='word_1_132' title='bbox 268 2531 369 2594; x_wconf 83' lang='lat' dir='ltr'>Putris</span> <span class='ocrx_word' id='word_1_133' title='bbox 391 2531 617 2614; x_wconf 87' lang='lat' dir='ltr'>omnipotentis,</span> <span class='ocrx_word' id='word_1_134' title='bbox 638 2536 673 2609; x_wconf 61' lang='grc' dir='ltr'>»Β</span> <span class='ocrx_word' id='word_1_135' title='bbox 692 2540 724 2596; x_wconf 89' lang='lat' dir='ltr'>et</span> <span class='ocrx_word' id='word_1_136' title='bbox 742 2535 775 2596; x_wconf 93' lang='lat' dir='ltr'>in</span> <span class='ocrx_word' id='word_1_137' title='bbox 797 2536 917 2598; x_wconf 89' lang='lat' dir='ltr'>nomine</span> <span class='ocrx_word' id='word_1_138' title='bbox 936 2537 1010 2598; x_wconf 89' lang='lat' dir='ltr'>Jesu</span> 
     </span>
     <span class='ocr_line' id='line_1_22' title="bbox 98 2638 1011 2718; baseline 0.007 -20"><span class='ocrx_word' id='word_1_139' title='bbox 98 2638 216 2699; x_wconf 88' lang='lat' dir='ltr'>Christi</span> <span class='ocrx_word' id='word_1_140' title='bbox 237 2639 308 2699; x_wconf 86' lang='lat' dir='ltr'>Filii</span> <span class='ocrx_word' id='word_1_141' title='bbox 331 2639 407 2718; x_wconf 88' lang='lat' dir='ltr'>ejus,</span> <span class='ocrx_word' id='word_1_142' title='bbox 423 2639 545 2701; x_wconf 88' lang='lat' dir='ltr'>Domini</span> <span class='ocrx_word' id='word_1_143' title='bbox 565 2646 597 2702; x_wconf 89' lang='lat' dir='ltr'>et</span> <span class='ocrx_word' id='word_1_144' title='bbox 613 2640 733 2702; x_wconf 84' lang='lat' dir='ltr'>Judicis</span> <span class='ocrx_word' id='word_1_145' title='bbox 752 2639 909 2714; x_wconf 67' lang='lat' dir='ltr'>nostri,t14</span> <span class='ocrx_word' id='word_1_146' title='bbox 927 2646 960 2702; x_wconf 91' lang='lat' dir='ltr'>et</span> <span class='ocrx_word' id='word_1_147' title='bbox 977 2642 1011 2704; x_wconf 88' lang='lat' dir='ltr'>in</span> 
     </span>
     <span class='ocr_line' id='line_1_23' title="bbox 96 2743 1010 2828; baseline 0.007 -25"><span class='ocrx_word' id='word_1_148' title='bbox 96 2743 214 2804; x_wconf 83' lang='lat' dir='ltr'>virtute</span> <span class='ocrx_word' id='word_1_149' title='bbox 228 2743 359 2825; x_wconf 84' lang='lat' dir='ltr'>Spiritus</span> <span class='ocrx_word' id='word_1_150' title='bbox 373 2743 481 2816; x_wconf 84' lang='lat' dir='ltr'>suncti,</span> <span class='ocrx_word' id='word_1_151' title='bbox 495 2752 530 2825; x_wconf 57' lang='grc' dir='ltr'>»Β</span> <span class='ocrx_word' id='word_1_152' title='bbox 542 2751 578 2807; x_wconf 91' lang='lat' dir='ltr'>ut</span> <span class='ocrx_word' id='word_1_153' title='bbox 590 2745 730 2808; x_wconf 83' lang='lat' dir='ltr'>discedes</span> <span class='ocrx_word' id='word_1_154' title='bbox 743 2748 781 2807; x_wconf 78' lang='lat' dir='ltr'>ab</span> <span class='ocrx_word' id='word_1_155' title='bbox 794 2745 850 2807; x_wconf 88' lang='lat' dir='ltr'>hoe</span> <span class='ocrx_word' id='word_1_156' title='bbox 864 2746 1010 2828; x_wconf 72' lang='lat' dir='ltr'>plasmate</span> 
     </span>
    </p>
   </div>
   <div class='ocr_carea' id='block_1_7' title="bbox 96 2929 1011 3443">
    <p class='ocr_par' dir='ltr' id='par_1_7' title="bbox 96 2929 1011 3250">
     <span class='ocr_line' id='line_1_24' title="bbox 96 2929 1010 3002; baseline 0.004 -22"><span class='ocrx_word' id='word_1_157' title='bbox 96 2932 204 2988; x_wconf 79' lang='lat' dir='ltr'>heaven,</span> <span class='ocrx_word' id='word_1_158' title='bbox 215 2929 263 2978; x_wconf 81' lang='lat' dir='ltr'>ond</span> <span class='ocrx_word' id='word_1_159' title='bbox 273 2929 356 2979; x_wconf 82' lang='lat' dir='ltr'>sitteth</span> <span class='ocrx_word' id='word_1_160' title='bbox 367 2932 393 2979; x_wconf 83' lang='lat' dir='ltr'>ot</span> <span class='ocrx_word' id='word_1_161' title='bbox 405 2930 447 2980; x_wconf 89' lang='lat' dir='ltr'>the</span> <span class='ocrx_word' id='word_1_162' title='bbox 457 2931 522 2997; x_wconf 84' lang='lat' dir='ltr'>right</span> <span class='ocrx_word' id='word_1_163' title='bbox 532 2930 596 2980; x_wconf 83' lang='lat' dir='ltr'>hand</span> <span class='ocrx_word' id='word_1_164' title='bbox 607 2931 636 2980; x_wconf 92' lang='lat' dir='ltr'>of</span> <span class='ocrx_word' id='word_1_165' title='bbox 647 2931 702 2980; x_wconf 90' lang='lat' dir='ltr'>God</span> <span class='ocrx_word' id='word_1_166' title='bbox 712 2932 753 2982; x_wconf 90' lang='lat' dir='ltr'>the</span> <span class='ocrx_word' id='word_1_167' title='bbox 764 2933 856 2983; x_wconf 85' lang='lat' dir='ltr'>Father</span> <span class='ocrx_word' id='word_1_168' title='bbox 865 2934 1010 3002; x_wconf 78' lang='lat' dir='ltr'>Almlghty;</span> 
     </span>
     <span class='ocr_line' id='line_1_25' title="bbox 99 2992 1010 3062; baseline 0.007 -19"><span class='ocrx_word' id='word_1_169' title='bbox 99 2994 163 3043; x_wconf 85' lang='lat' dir='ltr'>srorn</span> <span class='ocrx_word' id='word_1_170' title='bbox 180 2992 270 3042; x_wconf 85' lang='lat' dir='ltr'>thence</span> <span class='ocrx_word' id='word_1_171' title='bbox 285 2992 316 3042; x_wconf 91' lang='lat' dir='ltr'>he</span> <span class='ocrx_word' id='word_1_172' title='bbox 332 2993 394 3042; x_wconf 86' lang='lat' dir='ltr'>shall</span> <span class='ocrx_word' id='word_1_173' title='bbox 410 3009 479 3043; x_wconf 84' lang='lat' dir='ltr'>corne</span> <span class='ocrx_word' id='word_1_174' title='bbox 496 2997 523 3043; x_wconf 85' lang='lat' dir='ltr'>to</span> <span class='ocrx_word' id='word_1_175' title='bbox 536 2994 613 3060; x_wconf 88' lang='lat' dir='ltr'>judge</span> <span class='ocrx_word' id='word_1_176' title='bbox 628 2995 670 3044; x_wconf 88' lang='lat' dir='ltr'>the</span> <span class='ocrx_word' id='word_1_177' title='bbox 685 2995 765 3062; x_wconf 81' lang='lat' dir='ltr'>living</span> <span class='ocrx_word' id='word_1_178' title='bbox 779 2997 828 3046; x_wconf 84' lang='lat' dir='ltr'>and</span> <span class='ocrx_word' id='word_1_179' title='bbox 842 2996 884 3047; x_wconf 91' lang='lat' dir='ltr'>the</span> <span class='ocrx_word' id='word_1_180' title='bbox 895 2998 965 3048; x_wconf 74' lang='lat' dir='ltr'>deod.</span> <span class='ocrx_word' id='word_1_181' title='bbox 996 2999 1010 3049; x_wconf 92' lang='lat'>1</span> 
     </span>
     <span class='ocr_line' id='line_1_26' title="bbox 97 3055 1011 3120; baseline 0.007 -14"><span class='ocrx_word' id='word_1_182' title='bbox 97 3057 196 3106; x_wconf 82' lang='lat' dir='ltr'>believe</span> <span class='ocrx_word' id='word_1_183' title='bbox 211 3056 238 3104; x_wconf 93' lang='lat' dir='ltr'>in</span> <span class='ocrx_word' id='word_1_184' title='bbox 253 3055 295 3105; x_wconf 85' lang='lat' dir='ltr'>the</span> <span class='ocrx_word' id='word_1_185' title='bbox 311 3056 379 3120; x_wconf 88' lang='lat' dir='ltr'>Holy</span> <span class='ocrx_word' id='word_1_186' title='bbox 394 3057 481 3115; x_wconf 84' lang='lat' dir='ltr'>Ghost,</span> <span class='ocrx_word' id='word_1_187' title='bbox 496 3057 538 3107; x_wconf 86' lang='lat' dir='ltr'>the</span> <span class='ocrx_word' id='word_1_188' title='bbox 553 3058 603 3106; x_wconf 93' lang='lat' dir='ltr'>Hol</span> <span class='ocrx_word' id='word_1_189' title='bbox 637 3059 749 3109; x_wconf 81' lang='lat' dir='ltr'>catholic</span> <span class='ocrx_word' id='word_1_190' title='bbox 766 3060 873 3119; x_wconf 82' lang='lat' dir='ltr'>Choreb,</span> <span class='ocrx_word' id='word_1_191' title='bbox 885 3061 927 3111; x_wconf 84' lang='lat' dir='ltr'>the</span> <span class='ocrx_word' id='word_1_192' title='bbox 942 3076 1011 3111; x_wconf 82' lang='lat' dir='ltr'>eom·</span> 
     </span>
     <span class='ocr_line' id='line_1_27' title="bbox 96 3118 1010 3187; baseline 0.008 -18"><span class='ocrx_word' id='word_1_193' title='bbox 96 3119 202 3169; x_wconf 85' lang='lat' dir='ltr'>munion</span> <span class='ocrx_word' id='word_1_194' title='bbox 218 3119 247 3168; x_wconf 81' lang='lat' dir='ltr'>ol</span> <span class='ocrx_word' id='word_1_195' title='bbox 258 3119 343 3177; x_wconf 78' lang='lat' dir='ltr'>saints,</span> <span class='ocrx_word' id='word_1_196' title='bbox 359 3120 401 3169; x_wconf 82' lang='lat' dir='ltr'>the</span> <span class='ocrx_word' id='word_1_197' title='bbox 416 3118 593 3187; x_wconf 68' lang='lat' dir='ltr'>ffirgivenesso</span> <span class='ocrx_word' id='word_1_198' title='bbox 618 3122 679 3182; x_wconf 84' lang='lat' dir='ltr'>sins,</span> <span class='ocrx_word' id='word_1_199' title='bbox 690 3122 733 3173; x_wconf 90' lang='lat' dir='ltr'>the</span> <span class='ocrx_word' id='word_1_200' title='bbox 748 3124 911 3175; x_wconf 81' lang='lat' dir='ltr'>resunsction</span> <span class='ocrx_word' id='word_1_201' title='bbox 925 3125 956 3176; x_wconf 82' lang='lat' dir='ltr'>ol</span> <span class='ocrx_word' id='word_1_202' title='bbox 968 3125 1010 3175; x_wconf 87' lang='lat' dir='ltr'>the</span> 
     </span>
     <span class='ocr_line' id='line_1_28' title="bbox 97 3181 572 3250; baseline -0.004 -16"><span class='ocrx_word' id='word_1_203' title='bbox 97 3183 145 3234; x_wconf 86' lang='lat' dir='ltr'>bod</span> <span class='ocrx_word' id='word_1_204' title='bbox 165 3182 233 3241; x_wconf 83' lang='lat' dir='ltr'>,end</span> <span class='ocrx_word' id='word_1_205' title='bbox 248 3181 290 3231; x_wconf 92' lang='lat' dir='ltr'>lise</span> <span class='ocrx_word' id='word_1_206' title='bbox 301 3183 456 3250; x_wconf 77' lang='lat' dir='ltr'>everlastiug.</span> <span class='ocrx_word' id='word_1_207' title='bbox 488 3185 572 3234; x_wconf 70' lang='lat' dir='ltr'>Amen.</span> 
     </span>
    </p>

    <p class='ocr_par' dir='ltr' id='par_1_8' title="bbox 97 3198 1010 3443">
     <span class='ocr_line' id='line_1_29' title="bbox 130 3198 1010 3317; baseline 0.006 -21"><span class='ocrx_word' id='word_1_208' title='bbox 130 3198 186 3296; x_wconf 64' lang='lat' dir='ltr'>(iun</span> <span class='ocrx_word' id='word_1_209' title='bbox 203 3245 303 3304; x_wconf 80' lang='lat' dir='ltr'>Fether,</span> <span class='ocrx_word' id='word_1_210' title='bbox 318 3245 376 3295; x_wconf 88' lang='lat' dir='ltr'>who</span> <span class='ocrx_word' id='word_1_211' title='bbox 391 3248 429 3295; x_wconf 85' lang='lat' dir='ltr'>art</span> <span class='ocrx_word' id='word_1_212' title='bbox 445 3245 471 3295; x_wconf 93' lang='lat' dir='ltr'>in</span> <span class='ocrx_word' id='word_1_213' title='bbox 488 3248 592 3306; x_wconf 82' lang='lat' dir='ltr'>hesven,</span> <span class='ocrx_word' id='word_1_214' title='bbox 610 3246 732 3298; x_wconf 82' lang='lat' dir='ltr'>hnllowed</span> <span class='ocrx_word' id='word_1_215' title='bbox 752 3249 782 3299; x_wconf 87' lang='lat' dir='ltr'>bs</span> <span class='ocrx_word' id='word_1_216' title='bbox 798 3250 843 3316; x_wconf 86' lang='lat' dir='ltr'>thy</span> <span class='ocrx_word' id='word_1_217' title='bbox 860 3265 947 3313; x_wconf 77' lang='lat' dir='ltr'>nom03</span> <span class='ocrx_word' id='word_1_218' title='bbox 965 3251 1010 3317; x_wconf 80' lang='lat' dir='ltr'>thy</span> 
     </span>
     <span class='ocr_line' id='line_1_30' title="bbox 97 3308 1010 3383; baseline 0.007 -26"><span class='ocrx_word' id='word_1_219' title='bbox 97 3308 123 3358; x_wconf 86' lang='lat' dir='ltr'>lr&#39;</span> <span class='ocrx_word' id='word_1_220' title='bbox 160 3308 218 3357; x_wconf 89' lang='lat' dir='ltr'>dom</span> <span class='ocrx_word' id='word_1_221' title='bbox 229 3322 314 3370; x_wconf 87' lang='lat' dir='ltr'>come;</span> <span class='ocrx_word' id='word_1_222' title='bbox 330 3309 375 3383; x_wconf 77' lang='lat' dir='ltr'>thy</span> <span class='ocrx_word' id='word_1_223' title='bbox 382 3309 434 3359; x_wconf 87' lang='lat' dir='ltr'>will</span> <span class='ocrx_word' id='word_1_224' title='bbox 443 3309 475 3359; x_wconf 91' lang='lat' dir='ltr'>be</span> <span class='ocrx_word' id='word_1_225' title='bbox 483 3310 545 3359; x_wconf 91' lang='lat' dir='ltr'>done</span> <span class='ocrx_word' id='word_1_226' title='bbox 556 3311 664 3361; x_wconf 85' lang='lat' dir='ltr'>onsnrth</span> <span class='ocrx_word' id='word_1_227' title='bbox 675 3327 701 3361; x_wconf 79' lang='lat' dir='ltr'>ss</span> <span class='ocrx_word' id='word_1_228' title='bbox 712 3312 763 3362; x_wconf 87' lang='lat' dir='ltr'>itis</span> <span class='ocrx_word' id='word_1_229' title='bbox 774 3313 800 3363; x_wconf 92' lang='lat' dir='ltr'>in</span> <span class='ocrx_word' id='word_1_230' title='bbox 811 3315 914 3365; x_wconf 82' lang='lat' dir='ltr'>hesven.</span> <span class='ocrx_word' id='word_1_231' title='bbox 946 3314 1010 3364; x_wconf 85' lang='lat' dir='ltr'>Give</span> 
     </span>
     <span class='ocr_line' id='line_1_31' title="bbox 97 3371 1010 3443; baseline 0.004 -21"><span class='ocrx_word' id='word_1_232' title='bbox 97 3386 127 3422; x_wconf 90' lang='lat' dir='ltr'>us</span> <span class='ocrx_word' id='word_1_233' title='bbox 174 3371 180 3382; x_wconf 90' lang='lat'>&#39;</span> <span class='ocrx_word' id='word_1_234' title='bbox 210 3371 259 3438; x_wconf 80' lang='lat' dir='ltr'>dsy</span> <span class='ocrx_word' id='word_1_235' title='bbox 268 3387 315 3421; x_wconf 90' lang='lat' dir='ltr'>our</span> <span class='ocrx_word' id='word_1_236' title='bbox 329 3371 396 3437; x_wconf 82' lang='lat' dir='ltr'>druly</span> <span class='ocrx_word' id='word_1_237' title='bbox 405 3372 492 3422; x_wconf 78' lang='lat' dir='ltr'>breed:</span> <span class='ocrx_word' id='word_1_238' title='bbox 509 3374 556 3423; x_wconf 83' lang='lat' dir='ltr'>end</span> <span class='ocrx_word' id='word_1_239' title='bbox 572 3373 666 3441; x_wconf 83' lang='lat' dir='ltr'>forgive</span> <span class='ocrx_word' id='word_1_240' title='bbox 681 3390 710 3424; x_wconf 93' lang='lat' dir='ltr'>us</span> <span class='ocrx_word' id='word_1_241' title='bbox 720 3391 766 3426; x_wconf 90' lang='lat' dir='ltr'>our</span> <span class='ocrx_word' id='word_1_242' title='bbox 780 3380 923 3443; x_wconf 81' lang='lat' dir='ltr'>tresposses,</span> <span class='ocrx_word' id='word_1_243' title='bbox 932 3391 960 3426; x_wconf 82' lang='lat' dir='ltr'>ss</span> <span class='ocrx_word' id='word_1_244' title='bbox 970 3390 1010 3426; x_wconf 81' lang='lat' dir='ltr'>wo</span> 
     </span>
    </p>
   </div>
   <div class='ocr_carea' id='block_1_8' title="bbox 97 3433 1009 3566">
    <p class='ocr_par' dir='ltr' id='par_1_9' title="bbox 97 3433 1009 3566">
     <span class='ocr_line' id='line_1_32' title="bbox 98 3433 1009 3550; baseline 0.005 -65"><span class='ocrx_word' id='word_1_245' title='bbox 98 3435 194 3509; x_wconf 78' lang='lat' dir='ltr'>forgive</span> <span class='ocrx_word' id='word_1_246' title='bbox 209 3434 277 3484; x_wconf 80' lang='lat' dir='ltr'>tlrern</span> <span class='ocrx_word' id='word_1_247' title='bbox 288 3433 345 3509; x_wconf 63' lang='lat' dir='ltr'>roho</span> <span class='ocrx_word' id='word_1_248' title='bbox 360 3438 467 3550; x_wconf 49' lang='lat' dir='ltr'>tresegss</span> <span class='ocrx_word' id='word_1_249' title='bbox 477 3437 626 3510; x_wconf 69' lang='lat' dir='ltr'>egelnotus:</span> <span class='ocrx_word' id='word_1_250' title='bbox 642 3438 690 3490; x_wconf 76' lang='lat' dir='ltr'>oud</span> <span class='ocrx_word' id='word_1_251' title='bbox 704 3439 760 3490; x_wconf 79' lang='lat' dir='ltr'>leod</span> <span class='ocrx_word' id='word_1_252' title='bbox 771 3455 801 3492; x_wconf 82' lang='lat' dir='ltr'>us</span> <span class='ocrx_word' id='word_1_253' title='bbox 811 3442 855 3492; x_wconf 86' lang='lat' dir='ltr'>not</span> <span class='ocrx_word' id='word_1_254' title='bbox 868 3441 921 3493; x_wconf 83' lang='lat' dir='ltr'>into</span> <span class='ocrx_word' id='word_1_255' title='bbox 929 3442 1009 3506; x_wconf 86' lang='lat' dir='ltr'>temp-</span> 
     </span>
     <span class='ocr_line' id='line_1_33' title="bbox 97 3497 649 3566; baseline 0.004 -17"><span class='ocrx_word' id='word_1_256' title='bbox 97 3500 192 3560; x_wconf 73' lang='lat' dir='ltr'>tehon3</span> <span class='ocrx_word' id='word_1_257' title='bbox 208 3497 394 3550; x_wconf 81' lang='lat' dir='ltr'>butdebverus</span> <span class='ocrx_word' id='word_1_258' title='bbox 419 3499 534 3566; x_wconf 74' lang='lat' dir='ltr'>meod.</span> <span class='ocrx_word' id='word_1_259' title='bbox 558 3502 649 3565; x_wconf 28' lang='lat' dir='ltr'>..dmm</span> 
     </span>
    </p>
   </div>
   <div class='ocr_carea' id='block_1_9' title="bbox 0 0 1124 4006">
    <p class='ocr_par' dir='ltr' id='par_1_10' title="bbox 0 0 1124 4006">
     <span class='ocr_line' id='line_1_34' title="bbox 0 0 1124 4006; baseline 0 0"><span class='ocrx_word' id='word_1_260' title='bbox 0 0 1124 4006; x_wconf 95' lang='lat' dir='ltr'> </span> 
     </span>
    </p>
   </div>
  </div>
 </body>
</html>
