2234 4006
98 272 136 329 64
238 288 276 329 na
298 286 492 329 vrsrrsrronn
513 285 553 327 ar
575 285 654 327 cons
674 283 877 328 mnrmronmr.

23 467 24 471 =
138 429 279 490 Accedat
306 433 407 502 autem
435 427 473 488 ad
509 434 653 509 aegrotum
680 427 724 488 ita
750 434 885 507 paratur,
914 435 950 488 ut
981 429 1008 488 in

97 516 238 592 promptu
262 508 371 570 habeat
395 518 572 589 argumenta
596 509 634 569 ad
659 508 905 589 persuadendum
927 514 1008 590 apta;

96 610 132 651 ac
148 589 316 670 praesertim
337 590 518 650 Sanctorum
532 589 680 670 exempla,
696 609 763 669 quae
784 588 949 671 plurimbm
962 606 1008 651 va²

97 671 182 731 lent:
204 670 398 750 quibuscum
418 669 450 729 in
471 671 602 731 Domino
624 671 809 741 consoletur,
831 671 959 741 excitet,
977 690 1008 732 ac

97 757 224 812 recreet·
266 751 477 832 Hortetorque
494 757 530 812 ut
550 770 669 812 omnem
690 770 774 832 spem
788 771 875 812 suam
896 751 930 810 in
951 753 1008 813 Deo

97 838 201 912 ponat,
215 837 408 912 peccatorum
431 851 553 892 snorum
573 831 732 912 poeniteat,
747 831 883 892 divinam
898 832 1009 893 miseri-

99 911 232 980 cordiam
259 911 411 993 imploret,
440 918 473 992 et
498 910 685 973 infirmitatis
713 931 830 993 poenas,
858 919 1008 994 tamquam

98 999 254 1074 paternam
268 992 328 1054 Dei
342 992 557 1064 visitationem,
568 993 719 1075 patienter
733 994 822 1063 ferat,
836 1000 868 1055 et
880 995 922 1055 ad
936 995 1008 1055 salu-

97 1081 160 1135 tem
175 1093 261 1137 suam
276 1074 457 1168 provenisse
476 1074 592 1145 credat,
607 1080 642 1134 ut
655 1074 749 1134 vitam
763 1094 927 1154 moresque
947 1096 1008 1135 suos

99 1153 207 1215 meliis
221 1155 373 1215 instrtuat.
402 1164 404 1168 ‘
661 1215 665 1221 ,
836 1200 843 1213 .

138 1235 258 1297 Deinde
269 1256 330 1315 qua
342 1255 397 1317 par
411 1240 459 1295 est
471 1234 634 1316 prodentia
648 1240 680 1294 et
693 1234 852 1305 charitate,
864 1234 1008 1314 hominem

99 1317 138 1376 ad
150 1337 266 1379 sacram
276 1316 496 1377 confessionem
505 1314 642 1385 inducat,
652 1321 684 1375 et
692 1314 890 1376 confitentem
901 1316 1008 1387 audiat,

100 1397 219 1460 etiamsi
231 1398 308 1458 velit
321 1397 415 1470 totius
429 1396 499 1457 vitae
520 1402 647 1476 peccata
661 1395 820 1466 confiteri3
842 1417 878 1457 ac
894 1397 922 1457 si
942 1417 1008 1479 opus

99 1477 286 1551 inmittam
306 1476 437 1546 infirmo,
455 1479 548 1556 quam
569 1477 635 1556 ejus
655 1476 854 1537 familiaribus
875 1479 928 1538 vel
948 1499 1008 1560 pro·

99 1558 222 1637 pinquis
254 1557 487 1618 in‘memoriam
522 1563 655 1627 revocet,
683 1559 764 1637 quod
798 1558 1008 1620 Later-anensis

101 1638 245 1708 Consilii,
263 1659 298 1699 ac
318 1637 452 1717 plurium
473 1638 664 1699 Summorum
685 1636 870 1698 Pontificum
885 1639 1008 1701 decretis

100 1726 225 1781 cavetur
240 1720 295 1780 sub
315 1717 456 1800 gravibus
476 1718 586 1799 poenis,
601 1739 640 1778 ne
661 1718 779 1783 Medici
793 1719 875 1779 ultra
895 1721 1008 1782 tertiam

100 1801 197 1862 vicem
219 1821 243 1859 ae
265 1806 346 1860 rotos
360 1799 497 1869 visitent,
511 1799 571 1860 nisi
591 1797 675 1877 priris
693 1798 768 1880 ipsis
790 1798 875 1859 certd
898 1808 1008 1863 constet

99 1882 171 1943 illos
185 1821 384 1943 codiession'is
400 1881 595 1942 Sacramenta
608 1879 667 1940 rite
680 1879 816 1961 expiatos
830 1880 938 1942 fuisse.

141 1962 225 2022 Illud
248 1963 398 2041 praterea
418 1960 582 2040 diligenter
600 1960 716 2020 servari
738 1961 865 2030 curabit,
888 1980 929 2024 ne
948 1961 1008 2043 quir

121 2062 154 2102 ro
169 2043 319 2121 corporali
332 2042 432 2102 salute
445 2041 562 2121 aliquid
583 2048 694 2134 aegroto
709 2041 845 2110 suadeat,
860 2043 912 2101 vel
933 2042 1008 2103 adbi

140 2126 181 2190 at,
196 2122 278 2198 quod
292 2122 324 2181 in
338 2121 555 2182 detrimentum
569 2141 675 2182 ammae
691 2127 898 2182 convertatur.

141 2200 203 2260 Ubi
223 2199 296 2259 verb
321 2200 490 2281 periculum
512 2201 679 2271 immineat,
704 2201 858 2262 Parochus
885 2201 1008 2272 monebit

102 2286 256 2361 agrotum,
284 2301 324 2342 ne
351 2279 520 2340 damonum
548 2282 669 2352 astutia,
697 2302 796 2362 neque
823 2282 1008 2345 Medicorun

21 2402 22 2407 κ
123 2359 383 2429 ollicitationibns,
400 2379 501 2441 neque
520 2361 757 2443 propinquorum
778 2369 832 2423 aut
852 2365 1008 2425 amicorum

101 2383 258 2502 blanditiis
280 2461 312 2502 se
334 2442 397 2501 ullo
418 2441 508 2502 modo
527 2441 628 2524 decipi
650 2444 741 2513 sinat,
762 2442 823 2522 qud
850 2443 951 2506 minias
971 2465 1008 2514 ea,

102 2543 169 2602 quae
184 2521 223 2583 ad
237 2521 345 2582 animae
360 2520 487 2583 salutem
501 2523 666 2604 pertinent,
681 2523 850 2605 opportune
862 2533 1008 2606 procuret,

102 2611 134 2665 et
155 2624 216 2683 qua
235 2624 290 2686 par
304 2608 352 2663 est
372 2601 532 2664 devotione
547 2609 579 2665 et
599 2604 766 2674 celeritate,
781 2614 889 2666 sancta
911 2607 1008 2668 Sacra·

101 2692 214 2755 menta,
236 2684 309 2744 dum
334 2702 408 2744 sana
427 2703 513 2746 mens
534 2691 591 2755 est,
611 2685 783 2766 integrique
805 2705 926 2757 sensus,
947 2686 1008 2748 reli·

100 2765 184 2846 glosis
205 2764 361 2846 suscipiat,
383 2763 460 2825 citra
482 2765 624 2827 fallacem
646 2765 732 2826 illam
756 2786 792 2825 ac
814 2763 1008 2845 perniciosam

15 2894 19 2899 .
99 2844 414 2927 procrastinationem,
428 2865 498 2926 quae
519 2846 665 2925 plurimos
680 2847 719 2907 ad
740 2852 854 2907 aeterna
867 2847 1008 2930 supplicia

102 2925 255 3007 perduxit,
271 2927 302 2987 in
316 2926 444 3006 diesque
458 2926 585 2989 fallente
599 2927 719 2989 diabolo
732 2926 886 3008 perducit.

142 3005 269 3079 Quodsi
282 3027 359 3087 aeger
370 3007 482 3086 aliquis
491 3006 711 3071 hortationibus
723 3027 758 3067 ac
769 3007 894 3068 monitis
910 3008 1008 3068 Sacer·

48 3142 50 3147 .
101 3085 218 3156 dotum,
229 3087 279 3163 vel
290 3086 454 3148 amicorum
465 3094 498 3150 et
511 3086 744 3149 domesticorum
756 3087 894 3149 consiliis
905 3085 1008 3149 adduci

102 3185 163 3226 non
186 3173 287 3247 potest
308 3172 343 3226 ut
361 3167 438 3227 velit
461 3174 588 3249 peccata
609 3188 664 3230 sua
686 3167 836 3239 confiteri,
858 3176 934 3229 tnnc
955 3185 1008 3228 non

15 3314 20 3325 Ι
102 3245 225 3306 omnind
247 3247 436 3327 desperanda
455 3266 505 3309 res
525 3254 591 3320 θεῖς
614 3250 669 3311 sed
690 3248 834 3329 quamdiu
853 3248 910 3311 ille
930 3246 1008 3314 vivit,

102 3327 274 3408 repetenda
295 3335 367 3388 sunt
389 3327 566 3407 frequenter
584 3330 675 3390 varia
697 3336 729 3390 et
749 3328 889 3391 efficaces
911 3331 1008 3391 Sacer·

103 3407 208 3469 dotum
234 3413 267 3468 et
292 3406 418 3467 aliorum
445 3409 563 3489 piorum
593 3409 748 3472 hominum
775 3410 1008 3475 exhortationem

102 3488 358 3572 proponendoque
378 3495 496 3553 aterna
510 3490 618 3554 salutis
638 3491 758 3563 damna,
773 3497 806 3555 et
825 3491 1007 3574 sempiterne
