2234 4006
102 322 161 379 128
381 336 420 377 on
442 332 732 381 nrrnnrorrorsmm.
803 335 806 339 ·

490 476 619 518 ouuMUS.

168 576 424 639 MNIPOTENS
445 578 540 650 Deus,
554 578 693 641 manibus
711 574 826 640 nostris
843 593 938 657 opem
958 580 1016 647 toa

188 682 407 746 benedictionis
427 683 574 747 infunde:
598 690 635 747 ut
657 705 712 765 per
730 686 868 745 nostram
893 679 1018 753 beneffl

99 789 263 850 dictionem
279 789 336 851 hoc
350 790 516 852 linteamen
530 772 752 861 sanctificetur,
764 794 799 851 c't
818 786 969 871 Corporis
981 806 1015 847 ac

100 897 260 978 Sanguinis
274 896 488 978 Redemptoris
501 898 599 959 nostri
612 916 725 958 novum
738 893 911 965 sudarium,
922 890 1014 975 Spiri-

98 1009 148 1064 tus
169 1003 267 1063 sancti
286 1002 394 1083 gratia,
409 1000 570 1065 efficiatur.
608 1004 669 1064 Per
689 1002 829 1067 eumdem
849 998 1011 1061 Dominum

97 1115 234 1169 nostrum
258 1109 364 1169 lesum
389 1108 547 1195 Christum
571 1108 685 1169 Filium
707 1114 806 1193 tunm,
831 1106 890 1187 qui
915 1110 1011 1167 tecum

97 1213 175 1274 vivit
201 1219 233 1275 et
260 1220 369 1295 regnet
393 1215 426 1275 in
451 1213 569 1277 unitate
596 1214 733 1295 ejusdem
758 1211 894 1295 Spiritus
919 1198 1009 1273 sancti

99 1315 194 1384 Deus,
215 1321 275 1375 etc.
313 1298 354 1389 ll.
374 1314 486 1375 Amen.

138 1419 184 1478 Et
200 1426 335 1497 aspergat
346 1416 432 1501 Aqua
447 1420 608 1481 benedicto.

122 1579 158 1648 ᾖ
170 1589 346 1630 BENEDIOTIO
366 1588 579 1642 unumunurm,
594 1589 651 1630 SEU
667 1588 795 1631 VASCULI
812 1590 876 1633 1²20-
889 1590 985 1634 SAORD·
1024 1654 1028 1665 Ι

271 1665 387 1707 SANGTA
402 1664 600 1707 uuoflfflsrm
618 1666 841 1709 CONSERVANDA.
1030 1660 1035 1666 ’

138 1755 179 1834 ll.
202 1768 396 1848 Adjutorium
410 1772 548 1831 nostram
560 1767 593 1828 in
607 1769 729 1831 nomine
742 1770 878 1831 Domini.

137 1851 177 1938 Β).
199 1870 260 1943 Qui
274 1868 349 1931 feeit
362 1870 474 1929 coelum
488 1875 520 1930 et
533 1874 656 1931 terram.

138 1956 179 2034 lll-
200 1970 348 2031 Dominus
362 1970 530 2031 vobiscum.

137 2078 176 2147 Bp.
197 2069 322 2130 Etcum
337 2069 444 2149 spiritu
460 2077 523 2131 tuo.
568 2084 571 2089 ·
672 2050 677 2063 ’

492 2220 616 2261 ORDMUS.

168 2314 401 2375 MNIPOTEN
403 2316 423 2374 S
435 2316 617 2397 sempiterne
627 2310 722 2391 Deus3
731 2321 922 2400 majestatem
931 2328 1008 2383 tuam

189 2419 340 2501 supplices
355 2420 564 2502 deprecamur,
577 2430 612 2484 ut
624 2425 782 2485 vasculum
797 2426 853 2488 hoc
868 2448 923 2508 pro
937 2428 1009 2489 Gor·

98 2548 170 2609 pore
192 2526 264 2587 Filii
287 2526 333 2588 tui
353 2527 476 2588 Domini
496 2527 593 2590 nostri
606 2530 679 2592 lesu
702 2531 817 2593 Christi
838 2532 871 2593 in
886 2554 921 2595 eo
942 2555 1010 2597 con·

98 2633 198 2695 dendo
219 2633 409 2707 fabricatum,
422 2636 500 2697 bene
512 2646 547 2718 ᾖ
559 2634 702 2698 dictionis
716 2643 775 2699 toae'
794 2620 893 2720 gratia
912 2640 1010 2703 dicare

98 2740 242 2823 digneris.
282 2738 341 2800 Per
355 2722 494 2801 eumdem
508 2741 683 2814 Dominum,
699 2750 759 2805 etc.
799 2726 839 2815 ld.
861 2746 972 2807 Amen.

139 2846 256 2907 Deinde
269 2847 398 2925 aspergit
410 2846 489 2907 illud
502 2846 588 2926 Aqua
602 2848 762 2910 benedicto.

332 3003 554 3076 {commarcam
570 3017 658 3060 uovm
675 3019 785 3061 cuucrs.

137 3117 179 3197 js.
200 3119 395 3200 Adjutorium
407 3128 545 3183 nostrum
559 3122 591 3183 in
605 3123 727 3185 nomine
741 3124 875 3188 Domini.

136 3222 176 3297 Bt.
197 3219 257 3294 Qui
272 3219 346 3280 lecit
360 3221 470 3281 coslum
484 3228 516 3283 et
530 3229 651 3285 terram.

136 3316 179 3400 Ji.
199 3319 327 3380 Domine
341 3321 451 3381 exaudi
465 3322 630 3385 orationem
644 3344 751 3388 meam.

72 3488 75 3493 ¹
137 3421 177 3501 Bt.
194 3420 237 3480 Et
251 3419 363 3480 clamor
376 3439 461 3480 meus
475 3423 514 3483 ad
533 3428 565 3489 te
578 3425 691 3490 veniat.

137 3518 178 3598 ys.
198 3520 345 3583 Dominus
360 3522 524 3584 vobiscum.

135 3609 177 3692 lt.
195 3622 238 3690 ut
251 3642 320 3689 cun
333 3622 518 3708 sportatio.
