2206 4004
240 115 279 155 na
301 116 492 158 vrsrrarroua
514 114 555 156 nr
576 115 877 157 cuusrrnauouun.
973 102 1011 159 65

93 256 201 317 mortis
216 256 377 338 supplicia,
393 257 641 336 ostendendaque
654 256 801 318 immensa
814 257 871 318 Dei
893 257 1010 318 miseri-

94 337 210 405 cordia,
225 356 294 397 eum
308 338 346 398 ad
360 337 570 419 poenitentiam
584 337 786 419 provocantis,
798 338 836 398 ad
849 338 1009 421 ignoscen-

95 416 164 476 dum
179 416 375 499 paratissimi.
408 416 679 478 Adhibendaesunt
693 419 859 499 etiamtum
873 420 1008 502 privata,

94 506 156 556 tum
182 499 312 579 publicae
338 499 385 559 ad'
399 498 496 559 Deum
523 518 639 579 preces,
660 498 698 559 ad
723 499 857 559 divinam
882 500 1009 583 gratiam

93 576 314 657 impetrandam
334 600 390 673 pro
402 579 501 640 salute
514 578 617 639 miseri
630 578 849 641 decumbentis.

129 659 261 719 Videbit
279 660 411 739 denique
426 660 585 729 Sacerdos,
600 658 710 739 quibus
723 658 919 741 potissimum
939 669 1007 724 ten-

33 795 37 801 .
94 738 258 800 tationibus
281 745 333 801 aut
354 741 456 819 pravis
477 739 666 821 opinionibus
681 761 759 820 ager
780 740 820 801 sit
840 742 1006 821 subjectus,

33 822 40 894 ’ν
94 818 191 957 oique,
207 825 298 901 prout
311 834 385 901 opus
405 821 508 892 fuerit,
524 827 595 902 apta
615 822 747 881 remedia
767 822 932 902 prudenter
953 826 1006 885 ad·

33 900 36 910 “
112 897 217 960 ibebit.

35 966 40 989 ³
130 981 241 1040 Sacros
269 980 419 1061 Imagines
447 980 561 1041 Christi
587 980 711 1041 Domini
738 980 886 1052 crucifixi,
909 985 1005 1046 beata

33 1115 38 1133 ,
92 1058 200 1119 Mariae
215 1059 361 1141 Virginis,
376 1067 408 1122 et
430 1061 534 1121 Sancti
548 1082 638 1141 quem
653 1081 730 1142 ager
748 1061 900 1142 praecipue
913 1083 1005 1126 vene·

91 1146 185 1211 ratur,
201 1142 240 1200 ob
253 1140 357 1201 oculos
372 1141 437 1222 ejus
454 1142 564 1222 apponi
579 1141 706 1201 curabit.
746 1143 912 1203 Vasculum
932 1144 1006 1207 item

33 1227 39 1301 ’1
88 1220 170 1282 adsit
186 1222 286 1300 Aquae
300 1221 478 1291 benedictn,
494 1242 555 1300 qua
568 1221 745 1301 frequenter
759 1230 944 1316 aspergatur.

35 1372 37 1377 Ι
128 1300 284 1382 Proponet
297 1302 388 1363 etiam
402 1302 569 1383 egrotanti,
583 1308 674 1382 prout
687 1303 752 1383 ejus
767 1304 901 1365 conditio
915 1305 1004 1378 feret,

33 1448 37 1461 ι
90 1381 208 1461 aliquas
222 1384 328 1443 breves
341 1383 510 1453 Orationes,
526 1389 557 1443 et
576 1384 641 1464 pias
656 1383 765 1443 mentis
779 1384 817 1449 ad
837 1387 937 1447 Deum
951 1407 1003 1461 ex-

33 1467 37 1542 J
90 1461 272 1534 citationes;
290 1462 456 1543 praesertim
476 1463 643 1524 versiculos
665 1464 681 1522 ὲ
702 1464 890 1525 Psalmorum
914 1466 1002 1538 libro,

89 1542 137 1603 vel
160 1543 335 1604 Orationem
356 1542 556 1614 Dominicam,
578 1550 610 1604 et
634 1544 853 1605 Salutationem
875 1547 1003 1626 Angeli-

33 1626 35 1687 Ϊ
89 1643 165 1693 cam,
189 1624 365 1703 Symbolum
390 1624 488 1695 Fidei,
509 1626 558 1685 vel
584 1625 738 1687 Passionis
760 1626 883 1684 Domini
906 1626 1003 1685 nostri

33 1712 35 1718 ’
88 1703 326 1774 meditationem,
342 1712 373 1765 et
394 1706 573 1765 Sanctorum
593 1705 737 1785 martyria
752 1711 783 1763 et
803 1704 951 1783 exempla,
966 1725 1002 1766 ao

90 1784 224 1844 coelestis
238 1785 343 1865 gloriae
363 1784 589 1861 beatitudinem.
630 1784 706 1842 Haec
722 1789 822 1842 tamen
836 1785 1003 1864 opportune

88 1871 118 1924 et
131 1864 266 1925 discrete
285 1854 493 1947 suggerantrir,
508 1885 546 1925 ne
561 1869 672 1944 aegroto
686 1862 834 1933 molestia,
849 1864 903 1925 sed
917 1865 1000 1926 leva·

57 2004 60 2009 .
89 1964 156 2004 men
173 1945 327 2006 afferatur.
461 1962 464 1967 ·

36 2082 48 2091 ,,
127 2025 313 2095 consoletur
336 2025 499 2095 infirmum,
521 2025 626 2087 dicens
648 2044 680 2085 se
705 2045 815 2106 proco
839 2026 872 2086 in
893 2027 1000 2090 Missae

90 2105 249 2175 sacrificio,
271 2113 303 2167 et
322 2105 389 2167 aliis
413 2106 553 2187 precibus
578 2112 742 2176 oraturum,
765 2115 1000 2189 curaturumque

33 2164 44 2259 f
90 2186 187 2247 otalii
208 2186 314 2247 itidem
330 2207 383 2267 pro
394 2198 433 2246 ‘eo
446 2187 578 2258 faciant3
598 2186 693 2266 idque
707 2208 740 2247 re
754 2187 820 2268 ipsa
833 2190 999 2281 praestabit.

33 2266 46 2281 ⁸
126 2266 157 2326 Si
178 2268 302 2327 morbus
315 2267 444 2347 gravior,
458 2268 507 2328 vol
523 2288 591 2327 cum
612 2266 747 2348 periculo
767 2269 870 2339 suerit,
887 2277 996 2350 aegroto

33 2325 47 2425 ξ
91 2348 214 2410 suadeat
233 2353 278 2417 ut,
294 2348 365 2407 dum
379 2348 496 2428 integra
512 2355 612 2409 mente
626 2354 683 2418 est,
700 2368 762 2408 rem
778 2369 861 2409 suam
879 2369 997 2411 omnem

33 2430 52 2523 g
91 2428 167 2488 rectd
182 2427 359 2499 constituat,
371 2434 403 2489 et
416 2433 629 2488 testamentum
642 2428 733 2488 faciat
741 2448 749 2499 3
772 2428 880 2508 siquid
892 2429 1001 2490 lrabeat

91 2508 229 2578 alienum,
251 2508 402 2579 restituat,
423 2514 455 2568 et
478 2509 517 2568 ad
537 2509 703 2569 remedium
728 2508 833 2568 anima
858 2528 917 2566 suae
942 2530 997 2588 pro

33 2564 55 2681 ῗῑ
91 2587 292 2659 facultatibus,
307 2588 388 2668 quod
407 2587 440 2648 in
461 2588 590 2649 Domino
610 2587 637 2649 ei
658 2587 818 2666 placuerit,
836 2588 995 2668 disponat:

33 2676 56 2764 [h
92 2669 136 2728 sed
149 2668 218 2730 baec
234 2669 432 2750 suggerendo,
447 2669 544 2729 omnis
558 2666 692 2729 avaritiae
707 2674 778 2727 nota
792 2680 944 2729 caveatur.

126 2750 275 2811 Hortatur
296 2749 428 2830 denique
441 2756 486 2821 ut,
501 2749 527 2808 si
548 2747 745 2816 convaluerit,
760 2755 830 2808 ante
844 2750 943 2812 omnia
956 2752 995 2813 ad

50 2897 56 2905 Α
92 2827 256 2891 Ecclesiam
276 2829 389 2901 veniat,
410 2826 461 2891 ubi
483 2830 548 2889 Deo
567 2827 680 2909 gratias
702 2834 771 2910 agat
795 2828 833 2890 de
855 2831 997 2894 restituta

51 2944 55 2951 »
92 2911 272 2981 valetudine,
287 2916 319 2970 et
332 2930 448 2971 sacram
464 2908 712 2970 communionem
726 2908 776 2988 pie
790 2911 945 2991 suscipiat,
959 2934 995 2975 ac

33 2965 56 3083 'cn‘
93 2988 230 3072 deinceps
244 2989 399 3051 meliorem
414 2990 486 3051 vitae
500 2989 693 3075 disciplinam
706 2996 833 3061 teneat„

33 3105 54 3169 t,
127 3096 286 3177 Separatur
296 3096 406 3159 Preces
426 3115 535 3170 amaea,
549 3098 599 3160 uel
617 3119 654 3163 ea
668 3103 764 3182 parte,
781 3110 870 3181 prout
889 3107 997 3181 tempus

33 3205 54 3295 f]
93 3208 115 3258 et
134 3206 317 3282 egrotorum
341 3204 469 3265 conditio
482 3203 574 3286 seret,
596 3210 721 3282 arbitrio
749 3207 914 3269 Sacerdotis
938 3203 1002 3266 dici

33 3296 53 3401 ζ
91 3308 132 3367 vel
147 3308 249 3372 omitti
266 3313 401 3390 portant.

201 3415 240 3475 5·

36 2885 49 2921 s
