2234 4006
105 279 146 337 24
202 293 205 299 ’
343 290 382 333 me
405 288 776 335 ssonuunuuouuemsui.

142 432 311 513 Respondet
322 431 487 493 Petrinus.-
508 430 597 493 Volo.

146 539 233 599 Tum
257 537 384 598 Potrino
410 537 458 598 uel
479 537 627 607 Matrinu,
651 535 700 597 oet
724 539 845 614 utroque
868 534 910 615 (ei
932 535 1013 596 ambo

104 642 310 724 admittantur)
334 642 482 724 infantem
506 645 628 713 tenente,
653 641 793 702 Sacerdos
814 642 941 702 uosouto
965 660 1013 701 eeu

103 750 217 808 urceolo
232 748 338 829 occepit
354 762 459 828 aquom
472 746 700 828 Baptismotem,
716 747 792 808 etde
807 765 840 806 ea
854 755 899 806 ter
903 745 1013 828 fundit

103 873 186 932 super
200 857 287 934 eaput
305 852 432 935 infantie
444 853 477 913 in
498 852 622 918 modum
641 850 756 922 Crucis,
771 858 799 911 et
818 850 910 911 simul
930 851 1013 912 uerba

97 961 262 1044 proferens,
276 962 367 1022 semel
386 964 506 1021 tontum
528 960 666 1020 distincti
679 959 830 1019 etottenti
844 959 940 1018 dicit.-

58 1091 62 1101 ·
141 1068 185 1128 N.
209 1068 274 1148 Ego
300 1071 331 1128 te
355 1065 477 1148 baptizo
503 1065 536 1126 iu
562 1048 683 1126 nomine
711 1065 811 1125 Patris
833 1069 879 1141 ᾖ,
897 1063 1013 1145 fundat

97 1172 215 1252 prim63
242 1177 276 1233 et
299 1170 371 1231 Filii
396 1174 440 1247 tlt,
456 1170 576 1252 fundat
595 1170 739 1242 secundm·
764 1176 797 1232 et
823 1169 959 1252 Spiritus
984 1175 1013 1248 ἦ

103 1277 212 1350 macti,
223 1276 343 1360 fundat
361 1277 458 1337 tertii.

147 1382 209 1443 Ubi
233 1386 333 1443 autem
359 1385 402 1442 eet
428 1381 609 1442 consuetudo
632 1380 805 1461 baptizandi
820 1399 878 1455 per
897 1376 1013 1442 immer-

102 1489 226 1559 eionem,
257 1486 400 1548 Sacerdos
428 1487 537 1566 accipit
561 1483 714 1569 insontem,
743 1490 771 1546 ot
798 1486 956 1547 aduertens
981 1505 1013 1548 ne

103 1593 240 1663 ludatur,
256 1595 342 1651 cauti
354 1592 515 1670 immergit,
530 1595 559 1652 et
578 1592 658 1651 trina
671 1592 815 1651 mersione
830 1593 975 1671 baptizat,
991 1599 1013 1655 et

103 1698 190 1758 temet
207 1700 325 1758 tontum
340 1697 431 1757 dieite
584 1691 585 1695 ’

142 1804 185 1866 Ν.
206 1803 271 1886 Ego
295 1808 327 1865 te
350 1802 473 1885 baptizo
494 1802 525 1862 in
549 1800 672 1863 nomine
688 1802 800 1872 Patris,
821 1802 856 1874 tlt
876 1810 909 1866 et
933 1804 1013 1876 Filii,

103 1913 182 1986 »Καὶ
202 1910 333 1993 Spiritus
348 1909 383 1982 »Β
396 1908 505 1971 suncti.

141 2016 219 2076 Mon
239 2016 388 2077 Petrinus
411 2016 459 2076 uel
476 2015 622 2085 Matrino,
644 2013 692 2074 uel
711 2017 831 2093 uterque
852 2017 951 2077 simut
969 2020 1013 2077 in-

92 2120 210 2203 sontem
236 2119 272 2180 de
297 2138 381 2179 suero
409 2119 502 2179 Fonte
530 2120 640 2188 leuant,
662 2118 852 2199 ommpientes
874 2121 957 2182 illum
982 2124 1013 2184 de

102 2243 196 2288 manu
220 2223 396 2284 Sacerdotis.
440 2270 443 2275 .
915 2214 918 2219 ’

146 2329 181 2390 Si
194 2330 264 2389 ueri
278 2328 431 2388 dubitatur
444 2346 483 2393 an
493 2325 595 2409 insono
599 2326 702 2409 suerit
716 2329 899 2410 baptizatur,
912 2339 1013 2395 utatur

103 2438 157 2497 iae
169 2434 290 2516 formu:
311 2432 355 2493 N.
378 2433 492 2493 Sinon
513 2453 546 2493 es
565 2434 748 2523 baptizatus,
763 2457 818 2518 ego
838 2444 870 2499 te
892 2441 1010 2533 buptizo

9 2560 13 2565 ·
100 2543 134 2604 in
154 2539 275 2604 nomine
294 2539 404 2609 Patris,
419 2539 453 2615 >It
466 2545 498 2600 et
510 2538 593 2611 Filii,
608 2537 642 2610 ἦ
658 2547 690 2601 et
710 2542 842 2622 Spiritus
857 2549 893 2622 ἦ
906 2545 1009 2608 saneti.

142 2647 257 2709 Deinde
271 2645 396 2724 intingit
405 2645 544 2727 pollicem
558 2647 590 2705 in
600 2666 683 2706 sacro
701 2632 872 2721 Utriomote,
889 2660 917 2713 et
930 2653 1009 2731 ungu

99 2754 241 2838 insontem
253 2753 287 2813 in
296 2750 468 2812 summitate
481 2750 586 2831 eapitis
598 2752 632 2811 in
641 2753 757 2839 modum
770 2753 885 2827 Crucis,
898 2759 1008 2818 dicens:

176 2858 256 2919 EUS
288 2856 489 2938 omnipotens,
522 2857 615 2918 Pater
647 2857 770 2918 Domini
803 2864 902 2923 nostri
940 2866 1007 2926 Jesu

196 2962 321 3033 Christi,
343 2963 396 3043 qui
418 2970 449 3025 te
473 2962 663 3045 regeneravit
684 2983 721 3024 ex
741 2985 820 3045 aqua
842 2974 873 3028 et
897 2970 1006 3050 Spiritu

30 3135 33 3141 ⁴
100 3076 217 3140 sancto,
232 3069 346 3150 quique
360 3068 446 3130 dedit
466 3069 521 3130 tibi
535 3068 740 3138 remissionem
756 3072 889 3133 omnium
904 3096 1007 3156 pecca·

98 3182 215 3255 ῒοῑιιιιι,Ι
225 3173 286 3256 (loe
295 3173 432 3260 inungit)
446 3174 513 3257 ipse
526 3179 558 3234 te
571 3174 661 3235 liniat
674 3175 845 3238 Chrismate
859 3181 1007 3259 sulutistlt

98 3282 130 3343 in
145 3280 251 3342 eodem
272 3273 394 3340 Christo
407 3265 485 3340 Jesn
502 3278 632 3339 Domino
646 3285 750 3357 nostto
768 3281 800 3340 in
814 3283 910 3345 vitam
925 3293 1005 3347 aeter·

98 3407 178 3450 uum.
197 3377 236 3465 Β).
258 3386 368 3447 Amen.

141 3492 291 3556 Sacerdos.
313 3493 377 3553 Pax
391 3490 456 3555 tibi.
476 3469 516 3559 Β)
536 3492 660 3553 Etcum
675 3492 782 3574 spiritu
798 3500 861 3556 tuo.
