2234 4006
379 328 418 369 nn
441 326 754 380 naurororronrnns„
828 304 874 370 ff
958 317 1016 372 125

498 526 624 567 OREMUS.

169 671 426 732 MNIPOTENS
442 672 626 754 sempiterne
640 670 736 743 Deus,
748 675 801 754 qui
816 695 871 756 per
884 674 1016 756 Moysen
1059 725 1062 730 ,

188 778 338 839 famulum
361 783 447 839 tuum
468 762 661 838 Pontifioalio
681 785 713 839 et
736 780 1015 841 Sacerdotaliaseu
1069 828 1071 833 .

96 885 240 945 Levitica
253 873 445 955 vestimenta,
461 883 499 943 ad
514 884 706 965 'explendum
727 884 758 945 in
781 864 947 967 conspectu
963 892 1015 945 tuo

97 989 299 1051 ministerium
322 1007 436 1060 eornm,
451 989 489 1049 ad
512 989 654 1050 honorem
673 998 705 1073 et
724 961 865 1053 necoda
885 978 1016 1051 nominis

95 1096 143 1158 tui
167 1094 237 1155 fieri
261 1094 445 1156 decrevisti:
471 1093 576 1180 adesto
600 1087 749 1176 propitius
774 1086 1045 1175 invocationibus}-

93 1201 231 1273 uostris3
253 1194 285 1262 et
296 1201 362 1262 haec
372 1200 556 1279 indumenta
571 1199 789 1272 sacerdotalia,
803 1200 1015 1283 desuper'irri-
1064 1278 1067 1283 ι

94 1314 189 1389 gente
220 1306 317 1385 gratia
344 1312 407 1377 tua,
437 1304 555 1389 ingenti
584 1305 797 1367 benedictione
824 1326 879 1389 per
905 1312 1015 1389 nostrae
1067 1345 1069 1350 -

93 1412 279 1475 humilitatis
300 1410 568 1493 servitiumpurifi
581 1418 616 1490 ᾖ
627 1393 707 1483 care,
722 1414 800 1473 bene
810 1411 846 1485 >14
856 1412 1016 1484 dicere,‘et

94 1540 153 1580 cou
169 1523 205 1595 K<
218 1539 338 1604 secrarc
357 1518 503 1601 digneris,
524 1524 560 1578 ut
581 1517 693 1578 divinis
712 1517 845 1579 cultibus
867 1526 899 1579 et
920 1520 1015 1580 sacris

93 1623 252 1706 mysteriis
263 1630 334 1705 apta
343 1629 375 1685 et
385 1624 547 1687 benedicta
558 1623 708 1685 existant:
729 1623 776 1685 his
788 1646 908 1704 quoque
921 1619 1015 1686 sacris

95 1729 234 1790 vestibus
261 1728 440 1806 Pontifices,
468 1737 500 1790 et
528 1730 720 1814 Sacerdotes,
746 1751 799 1790 seu
822 1726 944 1791 'Levitae
968 1732 1014 1792 tui

94 1834 210 1905 induti,
236 1837 273 1896 ab
298 1835 436 1896 omnibus
461 1836 691 1917 impulsionibus
718 1818 1014 1902 seutentationibus
1112 1918 1114 1923 Ι

95 1940 298 2021 malignorum
321 1941 481 2022 spirituum
507 1940 616 2002 muniti
637 1947 668 2000 et
689 1939 806 2000 defensi
831 1961 897 2001 esse
918 1961 1014 2000 mere·

94 2052 207 2116 autur3
227 2046 350 2126 tuisque
370 2043 529 2127 mysteriis
549 2046 619 2127 apte
634 2054 665 2106 et
686 2045 835 2129 condigne
856 2046 969 2113 servire
983 2052 1015 2108 et

95 2150 258 2222 iuhaerere,
273 2159 365 2232 atque
386 2153 418 2211 in
430 2152 478 2212 his
491 2150 548 2213 tibi
568 2150 680 2234 placite
695 2158 727 2212 et
744 2151 854 2213 deuote
872 2114 1013 2237 μετενε-

94 2280 165 2321 rare
179 2260 289 2320 tribue.
329 2261 390 2321 Per
404 2260 559 2321 Christum
575 2258 738 2320 Dominum
754 2260 901 2320 nostruin.

136 2354 177 2443 ld.
197 2366 307 2426 Amen.
760 2364 762 2368 ’

494 2527 621 2597 orsurus.

97 2668 281 2834 DEUS;
303 2681 424 2742 invictae
446 2681 570 2742 virtutis
594 2679 804 2761 triumphator,
825 2685 857 2740 et
881 2678 1025 2740 omniumv

159 2841 161 2846 .
208 2808 308 2868 rerum
331 2792 449 2849 creator
462 2807 498 2848 ac
520 2784 744 2847 sanctificator:
759 2784 891 2862 'intende
912 2786 1013 2866 propi.

94 2896 158 2958 tius
185 2912 293 2977 preces
319 2897 459 2963 nostras3
493 2899 525 2951 et
553 2891 619 2951 haec
646 2889 825 2953 indumenta
851 2890 1013 2962 Leviticae,

96 2978 303 3064 Sacerdotdlis
320 3004 352 3061 et
370 2995 561 3059 Pontificalis
575 2982 856 3078 gloriaemiuistris
866 2988 932 3057 tuis
948 2997 1013 3058 fru-

97 3109 188 3182 enda,
199 3113 253 3170 tuo
264 3125 315 3167 ore
326 3103 447 3187 proprio
458 3106 535 3164 bene
545 3102 701 3175 ffl'dicere,
709 3101 811 3163 tancti
821 3103 858 3178 >E
868 3101 971 3174 ficare,
983 3111 1015 3165 et

98 3219 333 3293 consesxtcrare
358 3192 512 3289 difgneris:
538 3228 704 3289 omnesque
728 3208 772 3269 eis
797 3215 929 3281 utentes,
952 3210 1013 3269 tuis

99 3317 251 3400 mysteriis
273 3323 371 3398 aptos,
386 3320 418 3376 et
437 3312 494 3375 tibi
513 3312 546 3374 in
567 3314 611 3375 eis
631 3314 741 3385 devote
761 3333 796 3379 ao
816 3312 1013 3375 ¹laudabiliter
1049 3382 1053 3389 Ι

99 3423 279 3493 servientes,
303 3427 405 3502 gratos
432 3418 552 3481 efficere
579 3419 724 3501 digneris.
763 3420 823 3480 Per
850 3404 1012 3481 Dominum
1039 3447 1071 3485 ’ς

99 3536 236 3594 nostrum
257 3529 363 3590 Jesum
383 3512 548 3616 Christum,
564 3529 622 3586 etc.
671 3549 672 3553 ¹

221 3637 278 3696 11*
