2234 4006
276 271 316 312 ns
336 270 537 313 sacransnro
559 271 755 317 narranaam.
843 234 845 239 ,
916 263 975 319 105

57 410 196 472 Proinde
210 411 398 472 mmmmm
415 432 516 474 omines
529 421 557 474 et
570 414 708 494 singulos,
724 422 756 473 nt
770 414 797 474 si
810 415 876 495 qais
888 435 976 477 noos·

57 494 102 552 rit
123 493 243 571 aliquod
264 495 542 571 consanguinitatis,
557 495 606 554 orl
625 495 789 574 affinitatis,
805 503 855 555 ant
869 515 976 574 cogna-

58 573 153 633 tionis
166 573 348 651 spiritualis,
360 573 408 634 ael
420 575 544 654 quodvis
557 575 638 634 alind
650 577 888 655 impedimentum
899 575 978 637 inter

58 672 109 713 eos
124 671 194 722 esse,
209 653 287 730 qnod
301 654 527 718 matrimonium
541 655 769 716 contrahendam
783 656 911 719 inuicem
923 657 977 735 im-

51 733 168 811 pertint,
184 733 264 798 illud
276 736 370 812 qnam
382 735 512 812 primaten
527 736 612 795 nobis
625 736 793 795 denuntiare
806 736 930 807 debeata
948 740 978 797 et

59 813 116 873 boc
131 815 321 873 admonemus
329 815 442 893 primo,
457 815 483 874 si
496 815 590 876 fuerit
602 815 717 897 prima;
737 817 786 876 vel
801 816 979 889 secnndd,ai

56 893 155 955 fuerit
174 895 309 955 secanda
318 914 327 965 ;
347 895 397 955 vel
412 896 508 966 tertii,
524 896 550 956 si
567 896 660 958 fuerit
673 896 764 959 tertia
777 896 978 959 denuntiatio:

99 973 230 1036 Maneat
250 974 403 1036 Parochus
425 977 579 1056 conjuges,
595 983 629 1038 ut
648 984 719 1038 ante
735 977 978 1038 benedictionem

23 1064 26 1073 ’
59 1052 290 1116 Sacerdotalem
303 1055 336 1115 in
350 1056 463 1137 templo
478 1056 712 1138 suscipiendam,
724 1057 756 1117 in
771 1058 875 1119 eadem
888 1057 994 1118 ‘domo‘

58 1154 123 1195 non
139 1135 321 1205 cohabitent,
335 1154 435 1215 neque
450 1137 672 1197 matrimonium
688 1144 907 1209 consumment,
919 1158 977 1201 nec
1056 1160 1069 1191 a

59 1215 154 1275 etiam
176 1215 266 1276 simul
288 1222 441 1286 maneant,
462 1216 522 1277 nisi
542 1217 695 1296 aliquibus
719 1217 908 1300 propinquis,
928 1218 979 1279 vcl
994 1214 1052 1315 ⁷23

58 1295 131 1356 aliia
145 1296 343 1375 presentibus
352 1317 363 1368 3
384 1316 452 1376 quae
472 1297 645 1358 benedictio
663 1298 780 1358 inulla
801 1298 872 1369 alio,
909 1300 1000 1359 uim·

59 1378 98 1437 ab
113 1375 181 1457 ipso
193 1377 340 1448 Paracho,
352 1397 405 1437 seu
420 1379 457 1438 ab
471 1376 530 1438 alio
546 1378 710 1461 Sacerdote
724 1379 766 1440 da·
776 1378 871 1460 ipsius
885 1319 979 1439 laro-

62 1455 111 1516 cbi
126 1457 176 1517 vel
192 1455 345 1518 Ordinarii
359 1457 495 1528 licentia,
510 1456 577 1517 fieri
592 1458 693 1520 debet.

102 1536 221 1598 Caveat
247 1538 338 1617 etiam
364 1538 530 1610 Parachus,
559 1558 598 1599 ne
625 1539 747 1620 quando
775 1541 919 1621 conjuges
946 1538 980 1600 in

60 1616 170 1697 primis
188 1617 304 1698 nuptiis
328 1618 570 1680 benedictionem
595 1620 780 1702 acceperint,
802 1621 853 1682 eos
877 1620 910 1680 in
930 1638 985 1681 ae·-

61 1697 173 1758 cundis
186 1698 358 1769 benedicat,
370 1698 435 1760 sive
447 1700 568 1770 mulier,
580 1699 645 1761 eive
657 1700 747 1761 etiam
759 1700 805 1760 vir
816 1701 856 1760 ad
870 1718 980 1760 secun·

62 1776 118 1838 das
139 1777 261 1859 nuptias
281 1783 427 1840 transeat.
468 1781 529 1840 Sed
548 1780 601 1840 ubi
622 1801 658 1840 ea
677 1780 761 1860 viget
781 1778 981 1848 consuetudo,

61 1863 99 1918 ut
113 1857 150 1921 si
174 1858 283 1919 mulier
306 1858 421 1920 nemini
445 1878 589 1939 umquam
614 1859 762 1940 nupserit,
791 1858 909 1919 etiamsi
933 1857 981 1917 vir

61 1936 154 2002 aliam
171 1958 296 2011 uxorem
315 1938 464 2010 habuerit,
478 1938 593 2021 nuptiae
613 1939 843 2009 benedicantur,
858 1958 894 1999 es
914 1957 978 1997 ser·

61 2018 165 2080 vanda
177 2025 235 2081 est.
276 2019 336 2079 Sed
350 2019 450 2080 viduae
465 2019 587 2098 nuptias
600 2038 662 2077 non
675 2019 847 2088 benedicat,
862 2016 981 2080 etiamsi

63 2098 131 2180 ejus
144 2097 193 2158 vir
206 2117 371 2177 numquam
385 2117 511 2158 uxorem
531 2097 663 2158 duxerit.

101 2176 334 2239 Matrimonium
354 2177 387 2237 in
401 2176 543 2239 Ecclesia
562 2177 692 2238 maximi
705 2177 852 2238 celebrari
872 2178 980 2255 deceta

63 2258 119 2320 sed
144 2257 172 2318 si
195 2256 276 2318 domi
300 2256 485 2319 celebratum
504 2257 598 2319 fuerit
621 2264 772 2338 praesente
792 2256 928 2318 Paracho
948 2262 981 2318 et

62 2337 205 2408 testibus,
220 2337 322 2418 sponsi
342 2335 468 2398 veniant
487 2337 525 2398 ad
546 2337 719 2399 Ecclesiam
738 2337 982 2398 benedictionem

61 2416 981 2578 tacitis&{tattttttflb”stistinet

587 2541 597 2570 9
968 2531 981 2542 .

21 2570 24 2577 ¹
63 2579 179 2641 tionem
192 2578 256 2638 illis
268 2577 415 2649 conferat,
426 2577 579 2641 celebrata
589 2578 698 2647 Missa,
709 2584 746 2639 ut
757 2576 839 2638 infra
850 2575 981 2636 dicetur.
1054 2623 1056 2626 ,

80 2730 84 2735 ¹
102 2659 337 2720 Admoneantur
350 2658 501 2740 praeta'reb
515 2659 670 2740 conjuges,
682 2665 717 2719 ut
731 2663 893 2735 antequam
907 2675 981 2715 con·

62 2734 199 2809 babent,
224 2758 279 2800 sua
304 2745 431 2821 peccata
455 2738 619 2820 diligenter
646 2736 858 2805 confiteantur,
883 2740 915 2796 et
942 2735 981 2797 ad

62 2816 289 2889 sanctissimam
322 2818 556 2889 Eucharistiam,
590 2824 683 2897 atque
715 2818 754 2878 ad
791 2815 983 2879 Matrimonii

64 2900 297 2961 Sacramentum
311 2899 537 2981 suscipiendum
551 2897 600 2979 pie
614 2898 772 2967 accedant,
788 2902 819 2957 et
832 2897 983 2975 quomodo
1023 2960 1026 2967 ,

63 2980 96 3040 in
111 3001 148 3041 eo
169 2979 253 3041 recti
265 2986 299 3041 et
318 2979 482 3041 christiane
503 2978 675 3039 conversari
695 2978 836 3047 debeant,
851 2976 982 3058 diligen·

63 3067 111 3122 ter
124 3062 318 3121 instruantur
330 3080 369 3121 ex
382 3060 486 3122 divina
500 3058 669 3139 Scriptura,
681 3058 817 3140 exemplo
832 3056 936 3128 Tabia
950 3064 984 3119 et

10 3196 23 3221 ι
65 3141 160 3211 Sarae,
169 3141 332 3220 verbisque
340 3140 453 3222 Angeli
466 3139 628 3221 Raphailis
643 3159 694 3201 ecs
708 3138 875 3210 edocentis,
887 3138 983 3218 quim

64 3221 173 3282 sancti
186 3222 330 3302 conjuges
344 3221 476 3282 debeant
489 3219 661 3282 convivere.

104 3301 265 3363 Postremi
288 3300 482 3363 memInerint
504 3299 643 3372 Parachi,
665 3301 685 3360 a
704 3297 865 3362 Dominica
886 3296 984 3378 prima

65 3382 230 3476 Adventus
243 3383 391 3461 usquead
405 3381 486 3443 diem
501 3381 688 3522 Epiphania,
698 3387 731 3475 et
746 3379 864 3474 allecia
875 3383 984 3457 quarta

65 3462 214 3524 Generum
227 3483 325 3543 usque
339 3461 378 3523 ad
398 3463 544 3524 Octavam
585 3462 683 3524 ascha
697 3459 858 3530 rnclusrvi,
873 3456 982 3519 solem·
