2234 4006
383 295 423 339 na
444 295 731 341 asanorcrrournas.
787 362 790 367 Ι
954 289 1013 348 189

463 486 597 529 remmus
613 488 658 531 loo.

171 618 228 679 ISl
252 616 401 679 Dominus
427 617 627 682 aedificaverit
650 620 823 693 domum*
846 622 880 684 in
903 642 1015 685 vanum

190 723 405 786 laboraverunt
419 723 472 803 qui
490 724 646 786 aedificant
660 747 737 786 eam.

138 828 214 891 Nisi
228 828 377 889 Dominus
392 828 572 891 custodierit
583 830 748 903 civitatem,
758 834 775 870 *
784 830 901 894 frustrd
911 832 1019 917 vigilat

86 935 155 1017 ‚qui
170 934 307 997 custodit
321 955 398 996 eam.

137 1042 262 1103 Vanum
289 1048 337 1102 est
365 1039 450 1100 uobis
477 1046 548 1103 ante
574 1041 676 1102 lucem
704 1063 845 1124 surgere:
866 1045 1018 1127 *surgite

94 1152 262 1229 postquam
277 1145 430 1216 sederitis,
445 1145 498 1224 qui
518 1146 708 1208 manducatis
730 1168 838 1229 panem
852 1149 977 1211 doloris.

139 1250 220 1314 Cium
233 1252 355 1314 dederit
367 1250 492 1314 dilectis
506 1250 569 1313 suis
584 1270 720 1312 somnum
732 1273 740 1313 τ
752 1256 770 1293 ¹*
780 1273 852 1315 ecce
865 1254 1017 1317 hereditas

97 1357 237 1428 Domini,
252 1357 308 1419 lilii
317 1378 327 1431 3
347 1377 475 1428 merces,
491 1356 610 1420 fructus
623 1356 751 1418 ventris.

141 1461 231 1524 Sicut
239 1460 358 1544 sagittae
366 1462 399 1522 in
409 1482 497 1523 manu
509 1459 657 1543 potentis:
667 1465 684 1502 i
693 1462 736 1523 ita
745 1463 802 1523 filii
810 1484 1016 1527 excussorum.

138 1568 256 1631 Beatus
266 1567 324 1638 vir,
337 1567 391 1647 qui
401 1566 541 1649 implevit
551 1567 736 1629 desiderium
749 1589 884 1630 suumcx
896 1570 987 1652 ipsis:
999 1574 1017 1610 *

95 1692 163 1735 non
183 1672 398 1743 confundetur,
413 1670 480 1733 cum
493 1672 637 1753 loquetur
650 1672 782 1734 inimicis
797 1674 859 1735 suis
873 1674 904 1734 in
918 1682 1015 1757 porta.

141 1777 249 1840 Gloria
263 1777 357 1839 Patri.

146 1883 208 1953 Quo
224 1883 311 1952 dicto,
330 1882 471 1942 Sacerdos
484 1890 568 1942 stoma
581 1884 682 1961 tangil
697 1890 724 1941 et
738 1884 826 1960 ponit
840 1882 933 1964 ipsam
946 1886 1013 1965 pri·

98 1964 227 2024 morium
245 1962 369 2043 lapidem
388 1964 422 2021 im
431 1962 645 2043 fundamento,
660 1963 777 2023 dicans:

53 2116 60 2127 .
139 2068 179 2127 In
192 2066 254 2127 fide
267 2067 340 2128 lesu
356 2067 471 2127 Christi
486 2067 669 2128 collocamus
686 2066 835 2149 Lapidem
848 2067 939 2129 istum
954 2070 1014 2152 pri·

98 2172 229 2234 marium
250 2171 282 2233 in
302 2171 359 2233 hoc
380 2172 589 2243 fundamento,
609 2172 642 2234 in
662 2172 784 2234 nomine
804 2172 964 2247 Patris,>It
984 2183 1016 2238 et

97 2277 184 2350 Filii,
199 2275 234 2351 lt
247 2284 280 2339 et
296 2277 428 2359 Spiritus
442 2277 478 2349 ᾖ(
489 2276 600 2348 sancti,
613 2284 650 2339 ut
661 2278 763 2360 vigeat
775 2298 848 2341 vera
860 2277 938 2342 fides
950 2280 1016 2353 hic.

99 2387 133 2447 et
155 2382 249 2446 timor
269 2382 339 2454 Dei,
360 2383 554 2463 fraternaque
576 2382 720 2456 dilectio;
745 2391 777 2446 et
798 2384 839 2447 sit
858 2384 907 2447 hic
929 2386 1016 2449 locus

99 2488 273 2551 destinatus
294 2487 434 2558 orationi,
449 2494 481 2550 et
497 2487 535 2549 ad
555 2468 759 2551 invocandum
779 2496 811 2550 et
829 2490 1017 2551 laudandum

99 2615 213 2659 nomen
233 2594 370 2676 ejusdem
391 2594 513 2656 Domini
527 2596 624 2657 nostri
637 2597 710 2656 Jcsu
733 2596 858 2667 Christi,
873 2595 926 2675 qui
947 2616 1017 2657 cum

100 2701 195 2763 Patre
219 2708 251 2763 et
278 2700 395 2782 Spiritu
420 2706 525 2763 sancto
548 2701 626 2761 vivit
651 2707 682 2761 et
708 2706 816 2781 regnat
842 2701 938 2773 Deos,
961 2720 1018 2785 per

101 2806 206 2869 omnia
225 2807 339 2869 secula
358 2808 549 2867 seculorum.
589 2789 629 2879 Bl.
652 2807 762 2867 Amen.

141 2912 271 2974 Interim
284 2913 486 2973 caementarius
497 2911 575 2971 locat
584 2910 675 2989 msam
687 2910 812 2991 lapidem
826 2930 887 2971 cum
897 2932 1017 2976 camem-

100 3002 154 3065 to,·
182 2994 290 3070 posteo
320 2991 463 3053 Sacerdos
487 2992 607 3073 spargit
633 3011 720 3071 sapor
745 2993 874 3073 lapidem
900 2994 1018 3077 Aquam

100 3073 293 3144 benedictam,
314 3073 432 3133 dicamas

142 3179 298 3259 Asperges
311 3198 360 3238 me
373 3176 504 3238 Domine
523 3177 664 3260 hyssopo,
679 3184 712 3239 et
729 3177 895 3241 mundabor
904 3199 914 3252 ;
932 3181 1016 3242 lava·

99 3284 149 3345 bis
169 3290 278 3356 me,et
296 3283 505 3367 supernivem
524 3284 697 3345 dealbabor.
735 3284 847 3346 Psalm.
868 3287 1017 3349 Miserere

101 3392 166 3451 mei
186 3390 283 3461 Deus,
303 3386 469 3451 secundum
488 3408 639 3471 magnam,
658 3394 692 3452 ot
711 3394 812 3473 mprd,
829 3391 893 3473 sol.
916 3397 967 3463 88,
989 3400 1017 3452 et

102 3495 220 3559 dicitur
233 3504 310 3559 torm
323 3514 393 3558 cam
413 3494 519 3556 Gloria
533 3495 628 3557 Patri.
