2206 4004
129 261 148 307 J
227 291 267 333 na
289 289 488 331 ascensuro
507 288 731 331 aucuamsrrn.
891 277 932 337 49

54 432 164 494 Potest
183 431 308 511 quidem
327 430 480 492 Viaticum
500 431 588 493 breul
608 428 762 492 morituris
783 429 849 492 dari
871 450 932 492 non

16 511 212 655 uultui}
235 518 344 672 titt
367 510 933 673 {ll{tlttllfutttttillut

22 675 136 745 tussim,
158 672 289 735 aliumve
314 672 444 733 similem
465 674 612 744 morbum,
632 670 736 750 aliqua
758 671 934 745 indecentia

24 775 85 815 cum
105 753 221 834 injuria
239 752 318 814 tanti
340 753 527 814 Sacrameuti
540 751 641 814 timeri
661 758 771 834 potest.
813 753 933 816 Ceteris

25 847 116 897 autem
130 833 271 904 infirmis,
287 833 339 914 qui
355 836 392 893 ob
406 834 596 895 devotionem
610 833 643 893 in
657 831 835 914 ¹<egritudine
850 856 932 896 com-

26 917 185 986 municant,
197 914 299 976 danda
312 921 360 976 est
372 914 564 976 Eucharistia
577 920 647 975 ante
657 933 776 974 omnem
791 914 889 976 cibum
901 924 935 979 e't

27 1003 131 1076 potum,
142 1015 204 1057 non
215 995 305 1088 aliter
318 1014 353 1088 ac
365 994 476 1094 ceteris
486 994 638 1089 fidelibus,
648 994 826 1087 quibusnec
841 997 932 1059 etiam

27 1075 601 1233 ”settlttttttttlt‘lllff
615 1075 931 1229 :luitbtus

29 1237 153 1317 cujusvis
167 1236 213 1297 rei
233 1241 383 1317 praetextu
397 1236 436 1296 ad
457 1236 678 1297 ostendendum
691 1254 753 1295 non
767 1235 932 1300 deferatur.

57 1317 179 1379 Deferri
199 1323 300 1378 autem
314 1317 406 1378 debet
422 1316 478 1377 hoc
493 1322 630 1378 sanctum
653 1317 880 1380 Sacramentum
894 1323 932 1380 ab

27 1397 157 1459 Ecclesia
171 1397 210 1458 ad
230 1397 364 1478 privatas
384 1417 408 1456 a
445 1397 592 1458 utentium
611 1396 715 1457 domos
736 1395 859 1460 decenti
878 1399 931 1462 ba·

27 1477 89 1550 bitu,
115 1477 310 1563 superposite
332 1497 404 1537 mun
426 1498 445 1538 o
466 1478 629 1549 velamine,
653 1476 812 1538 manifesti
836 1486 931 1561 atque

26 1557 191 1629 honorifice,
202 1564 273 1651 ante
287 1564 394 1638 pectus
408 1558 570 1619 cumomni
583 1557 798 1621 reverentiaet
810 1559 929 1633 timore,

25 1638 551 1809 ¹eiiiiuiciib'inigidii&cpiiiicnetsesbrus
578 1721 617 1782 ad
645 1720 927 1781 communicandum

24 1800 178 1871 infirmum,
200 1798 320 1877 aliquot
338 1819 489 1880 campana
509 1799 620 1860 ictibus
641 1799 747 1878 jubeat
770 1800 930 1860 convocari

24 1879 228 1951 l’arocbianos,
243 1899 295 1939 seu
317 1878 596 1942 confraternitatem
617 1879 800 1940 sanctissimi
822 1880 930 1940 Sacra·

23 1962 108 2023 nenti
137 1959 203 2042 (ubi
234 1959 329 2021 fucrit
353 1957 508 2038 instituta)
537 1978 590 2019 seu
617 1957 693 2018 alios
720 1958 786 2039 pios
814 1959 930 2021 Christi

23 2037 132 2112 adeles,
147 2039 203 2121 qui
222 2059 339 2101 sacram
359 2037 582 2101 Eucharistiam
602 2059 672 2099 cum
692 2039 789 2100 cereis
807 2059 860 2100 seu
881 2040 929 2101 in-

22 2121 139 2184 tortitiia
163 2120 357 2191 comitentur,
383 2127 414 2182 et
431 2119 601 2180 *umbellam
626 2140 678 2181 seu
703 2120 929 2195 baldachinum,

23 2202 67 2263 ubi
99 2201 203 2264 baberi
235 2206 347 2282 potest,
375 2200 525 2262 deserant.
573 2202 764 2263 Praemoneat
789 2208 825 2262 ut
855 2204 930 2280 {agri

22 2282 189 2345 cubiculum
208 2282 383 2352 mundetur,
404 2288 436 2344 et
456 2281 489 2342 in
509 2301 545 2341 eo
566 2289 688 2364 paretur
708 2302 813 2345 mensa
832 2282 928 2344 linteo

21 2362 127 2424 mundo
148 2368 301 2443 cooperta,
320 2360 354 2422 in
374 2382 436 2442 qua
455 2362 678 2424 sanctissimum
699 2364 929 2426 Sacramentum

21 2443 160 2505 decenter
180 2443 219 2502 de
259 2447 360 2503 natur.
726 2442 729 2447 '
1007 2451 1009 2455 ’

54 2523 206 2586 Parentur
238 2521 396 2592 uminaria,
417 2542 452 2583 ac
473 2522 533 2584 duo
552 2525 687 2592 vascula.
706 2524 836 2587 alterum
858 2544 927 2584 cum

20 2603 96 2675 rino,
110 2603 241 2665 alterum
262 2621 332 2663 cum
345 2621 442 2695 aqua3
457 2604 613 2742 praterea
632 2603 761 2665 linteum
780 2606 927 2665 mundum

19 2691 85 2746 aute
111 2689 220 2765 pectus
247 2683 489 2744 communicari
536 2689 654 2754 onatur,
681 2690 774 2763 atque
800 2685 861 2746 alia
887 2687 926 2749 ad

20 2771 154 2826 umatum
174 2762 246 2833 loci,
262 2783 317 2845 pro
338 2763 492 2842 cujusque·
519 2763 662 2823 acultate.

52 2844 115 2906 Ubi
127 2843 202 2904 verd
222 2843 421 2905 convenerint
439 2842 493 2922 qui
512 2842 733 2903 Eucharistiam
754 2845 926 2910 comitaturi

17 2931 96 2997 sunt,
117 2924 267 2986 Sacerdos
286 2924 413 2985 indutus
433 2921 653 3004 superpelliceo
675 2929 708 2985 et
727 2925 815 2996 stola,
836 2935 878 2999 et,
898 2929 931 2989 si

16 3004 115 3068 baberi
142 3011 254 3087 potest,
281 3003 408 3085 pluviali
441 3003 502 3064 albi
535 3001 655 3072 coloris,
682 3004 843 3086 Acolythis
871 3028 925 3070 seu

17 3084 157 3156 maricis,
171 3084 330 3146 autetiam
348 3081 539 3165 Presbyteris
554 3081 595 3163 (si
614 3083 701 3144 locus
714 3084 805 3166 feret)
820 3107 925 3169 super·
962 3156 965 3161 ,

15 3166 142 3247 pelliceo
152 3164 267 3247 pariter
277 3164 393 3225 indutis
404 3163 575 3235 comitatus,
587 3163 741 3236 decenter,
751 3173 783 3229 et
793 3166 832 3228 dc
842 3188 925 3230 more

105 3252 153 3308 tas
166 3246 286 3326 aliquot
297 3234 461 3327 particulas
475 3252 677 3320 consecratas,
688 3247 739 3308 vel
752 3267 843 3311 uuam
856 3255 924 3311 tan·

13 3267 128 3408 mai
142 3327 263 3408 longius
276 3332 330 3388 aut
343 3323 496 3386 difficilius
510 3325 569 3388 iter
582 3328 625 3397 sit
636 3327 821 3412 faciendum)
833 3335 926 3411 ponat

12 3407 44 3467 in
55 3407 182 3490 pyxide,
196 3427 250 3468 seu
264 3426 357 3489 parva
371 3404 518 3478 custodia,
530 3427 623 3490 quam
635 3409 756 3508 proprio
769 3430 825 3472 suo
838 3426 924 3501 oper-

12 3487 82 3550 culo
103 3487 257 3569 cooperit;
279 3493 312 3551 et
329 3487 432 3548 uelum
450 3487 584 3563 sericum
605 3491 840 3595 superimponi&
859 3501 928 3569 19¹0

133 3591 153 3647 5
