2234 4006
150 266 208 327 105
231 296 235 301 ·
367 281 406 325 on
429 279 627 322 sscmnauo
648 279 845 322 uuramorrn.

147 424 260 487 nitates
274 423 448 503 nuptiarum
465 397 629 504 prohibitas
643 393 730 494 esse3
750 428 786 482 ut
799 419 922 501 nuptias
943 419 1061 483 benedi·

147 522 382 598 cere,·sponsam
396 503 568 575 traducere,
582 503 732 597 nuptialia
746 501 1062 644 celebrarehconvitpisp

147 585 775 757 tratti-¹5¹²atteratur&
791 587 1060 725 ttttztttm

147 749 255 807 sancta
281 763 362 805 emm
386 764 436 806 res
460 750 510 809 est
533 745 769 816 matrimonium,
793 749 965 824 sancteque
989 750 1061 806 trac·

50 970 64 993 ·
148 824 274 980 landold]
278 866 379 965 lamnia
398 905 464 967 ferd
476 924 515 968 ex
528 905 607 966 sacri
621 904 755 967 Concilii
769 902 950 965 Tridentini
964 904 1070 975 dcam
1106 896 1108 901 ’

148 984 189 1046 tis
203 986 373 1066 desumpta,
388 992 421 1046 et
440 987 513 1047 item
528 986 599 1056 alia,
613 1006 681 1066 que
695 986 737 1046 ibi
751 986 790 1046 de
804 984 1000 1046 matrimonio
1011 982 1078 1049 rua

144 1065 356 1153 contrahendo
377 1067 607 1148 precipiuntur,
627 1072 701 1128 sunt
723 1067 888 1148 diligenter
908 1065 1064 1131 servanda.

150 1254 255 1311 mos
276 1255 505 1308 annonarum
530 1256 757 1332 marmororm
781 1242 1064 1334 annonamsnruu.

219 1402 422 1464 AROCHUS
461 1403 554 1484 igitur
589 1402 813 1465 matrimonium
847 1403 1064 1470 celebraturus,

240 1482 494 1564 publicationibus
521 1482 612 1545 factis
639 1483 736 1545 tribus
763 1483 869 1543 diebus
895 1483 1009 1554 Fastis,
1034 1487 1064 1542 ut

150 1562 268 1624 dictum
290 1570 348 1633 est,
370 1564 397 1624 si
416 1564 537 1624 nullum
557 1567 657 1626 obstet
677 1563 845 1645 legitimum
865 1563 1064 1645 impedimen·

149 1649 227 1714 tum,
241 1643 274 1704 in
293 1643 434 1705 Ecclesia
454 1644 674 1726 superpelliceo
690 1644 810 1706 etalba
830 1644 910 1704 stola
930 1643 1065 1713 indutus,

150 1723 286 1786 adhibito
298 1744 358 1785 uno
373 1724 482 1786 saltem
502 1723 680 1786 Clerico‘su
721 1723 866 1806 rpelliceo
885 1724 1002 1805 pariter
1020 1723 1064 1784 in·

150 1804 236 1876 duto,
251 1803 306 1884 qui
325 1805 435 1866 librum
448 1811 482 1868 et
495 1824 549 1866 vas
563 1806 663 1884 Aquas
682 1745 850 1867 ldnedictae
873 1824 945 1866 cum
966 1823 1065 1886 asper·

152 1884 233 1945 sorio
246 1884 375 1956 deferat,
390 1905 492 1948 coram
504 1886 601 1948 tribus
615 1891 669 1947 aut
682 1886 798 1949 duobus
812 1884 956 1956 testibus,
966 1884 1066 1945 ‘virum

150 1971 183 2027 et
192 1965 361 2037 mulierem,
373 1986 449 2046 quos
462 1971 623 2049 parentum
631 1967 682 2027 vel
694 1964 934 2051 propinquorum
945 1983 1064 2027 suorum

149 2046 310 2125 prasentia
329 2046 519 2106 cohonestari
532 2047 632 2115 decet,
647 2044 687 2105 de
699 2064 850 2106 consensu
864 2045 897 2103 in
911 2045 1065 2106 matrimo-

150 2122 236 2184 nium
253 2123 603 2204 interroget‘utrumque
624 2122 780 2205 sigillatim
796 2123 831 2191 in
849 2123 932 2186 hunc
948 2123 1066 2187 modum

149 2202 271 2282 vulgari
283 2221 439 2262 sermone:
876 2228 880 2239 =

190 2306 209 2343 ¹*
218 2302 263 2364 N.
275 2303 323 2364 vis
336 2292 475 2387 accipere
495 2305 538 2366 N.
554 2305 607 2368 hle
621 2313 802 2389 presentem
821 2307 854 2369 in
868 2313 955 2370 tuam
968 2309 1064 2391 legiti-

151 2426 230 2469 mam
253 2425 377 2470 uxorem
400 2409 489 2488 juxta
508 2409 602 2471 ritum
621 2417 735 2475 sancta
759 2411 872 2475 Matris
897 2413 1063 2476 Ecclesia?

149 2513 337 2593 Respondeat
348 2531 493 2595 sponsus:
515 2515 603 2576 Volo.

175 2617 268 2680 -Moc
285 2618 427 2682 amoma
446 2638 582 2700 sponsam
601 2619 784 2703 interroget.-
804 2622 848 2683 N.
862 2621 911 2685 vis
928 2623 1061 2705 accipere

184 2783 230 2842 Ὦ.
247 2783 290 2841 Ν.,
305 2782 369 2832 ert
385 2781 445 2833 thou
460 2782 520 2835 take
537 2782 570 2833 Ν.
585 2782 644 2833 here
680 2786 763 2834 reaent
782 2784 819 2834 sor
836 2785 863 2834 th
898 2785 986 2838 lawful
1000 2785 1059 2842 wile,
1105 2831 1108 2853 Ι

149 2845 287 2959 ‘cfdrlilli
288 2845 374 2957 lpatha
384 2847 431 2897 rite
442 2847 472 2897 of
481 2846 598 2914 ourholy
607 2848 654 2898 Mo
680 2863 712 2913 er.
722 2847 765 2897 the
777 2799 914 2899 Cburcdt.
1104 2938 1108 2957 μ

163 2971 213 3031 ·Q.
229 2970 346 3029 N.‚Wilt
360 2972 420 3022 thou
435 2972 493 3040 talea
509 2974 542 3023 N.
553 2974 612 3023 here
646 2976 728 3024 resent
743 2973 780 3024 sor
789 2973 835 3039 thy
844 2973 933 3026 lawful
947 2974 1057 3029 husband
1106 2968 1108 2977 '

118 3113 120 3117 ¹
149 3032 322 3147 wfaonlnlpgfllo
332 3035 432 3131 theurita
443 3037 472 3086 of
483 3052 529 3088 our
538 3037 709 3139 help-other
723 3037 765 3088 the
778 3036 895 3088 Choreb?

179 3184 215 3234 D.
231 3185 257 3234 N
258 3220 273 3242 .‚
285 3185 454 3235 Voulez·vous
464 3188 568 3252 prendre
584 3166 627 3248 ΝῘ,
638 3189 681 3253 qui
691 3191 730 3239 est
745 3189 779 3238 ici
792 3190 915 3254 presente,
936 3176 941 3188 ’
961 3188 1057 3241 urvolro

128 3277 129 3282 =
149 3248 173 3298 lt
193 3247 262 3296 itime
272 3248 375 3321 eppone,
386 3248 485 3300 suivant
494 3251 518 3300 le
528 3251 575 3300 rite
585 3251 616 3300 de
626 3255 696 3302 notre
706 3253 776 3303 mere
786 3253 811 3303 la
821 3254 901 3303 sainte
937 3255 1015 3321 glise?
1100 3248 1108 3289 ἕ

179 3374 215 3423 D.
230 3312 590 3449 (Elllbddoledllll'bulez-vous
604 3378 709 3444 prendre
727 3379 753 3428 N
755 3414 771 3438 .,
786 3379 831 3444 qui
848 3382 887 3433 est
905 3381 940 3430 ici
958 3378 1056 3446 prdsenl,
1099 3354 1108 3423 l

166 3440 290 3569 ogrppspptra
305 3436 417 3507 ldgrbrne
429 3439 521 3506 dpoux,
531 3440 630 3493 suivant
644 3442 668 3493 le
679 3441 726 3493 rite
737 3442 767 3494 de
780 3445 849 3494 notre
864 3444 936 3496 mere
947 3443 974 3495 la
987 3441 1056 3495 saints
1098 3454 1108 3503 q

180 3565 212 3617 R.
230 3565 288 3625 Oui,
301 3565 328 3632 je
339 3565 362 3617 le
373 3579 447 3617 vaux.
