2234 4006
104 264 144 322 94
267 294 270 299 -
342 276 382 319 ua
401 256 547 324 rxnacus
568 274 779 319 nanvnaosmr.
879 288 884 293 ·

464 471 597 515 rsaasrns
613 454 657 513 ira

175 607 280 682 ΕΑΤῘ
301 617 488 681 immaculati
502 616 534 679 in
548 617 614 681 via:
629 621 646 656 *
660 616 713 698 qui
727 617 884 680 ambulant
904 617 940 682 in
951 620 1007 705 iege

195 722 328 787 Domini.

82 817 85 827 ’
143 831 232 894 Beati
243 831 295 912 qui
310 835 483 895 scrutantur
496 827 670 893 testimonia
679 828 746 908 ejus
755 848 764 888 ε
773 831 791 868 *
801 827 835 890 in
849 828 1008 892 totocorde

103 937 268 1017 exquirunt
282 956 360 998 eum.

142 1043 215 1105 Non
229 1042 309 1104 enirn
323 1041 377 1122 qui
397 1045 559 1123 operantur
575 1038 778 1121 iniquitatem,
791 1042 809 1077 '⁸‘
823 1038 931 1102 inviis
952 1041 1007 1120 ejus

102 1151 341 1213 ambulaverunt.

143 1256 194 1316 'l'u
208 1254 359 1319 mandasti
372 1259 389 1295 ¹*
403 1254 544 1336 mandata
558 1260 611 1317 tua
624 1254 770 1316 custodiri
792 1254 898 1318 nimis.

143 1362 269 1424 Utinam
282 1361 451 1443 dirigantur
464 1361 521 1423 viae
535 1380 619 1433 meae,
634 1364 651 1400 *
664 1360 703 1422 ad
717 1361 936 1451 custodiendas
949 1364 1008 1444 jus·

103 1466 284 1530 tificationes
298 1474 377 1530 tuas.

143 1572 233 1635 Tunc
247 1592 308 1633 non
322 1571 500 1643 confundar,
515 1575 532 1612 *
545 1556 614 1634 cim
632 1570 812 1655 perspexero
830 1573 863 1636 in
877 1575 1010 1639 omnibus

103 1677 253 1741 mandatis
269 1677 341 1739 tuis.
514 1742 517 1747 ,
733 1702 736 1707 ·
880 1748 884 1755 ,

142 1781 318 1846 confitebor
339 1782 394 1845 tibi
416 1782 450 1844 in
471 1781 639 1845 directione
660 1783 779 1845 cordiae
793 1783 858 1845 *in
878 1804 916 1846 eo
932 1783 1009 1865 quid

103 1890 198 1955 didici
214 1890 331 1971 judicia
346 1888 476 1971 justitiae
494 1895 565 1953 tua.
682 1973 685 1981 Ι

142 1995 380 2058 iustificationes
406 2003 475 2058 tuas
503 1995 689 2081 custodiamr
716 2013 778 2056 non
804 2014 853 2057 me
880 1995 1010 2058 derelin-

103 2121 178 2182 quas
192 2121 421 2181 usquequaque.
662 2112 666 2117 '

142 2208 180 2267 In
199 2200 258 2286 quo
273 2205 398 2286 corrigit
417 2205 638 2268 adolescentior
651 2205 729 2267 viam
743 2186 853 2268 suam?
868 2205 884 2239 ⁴
897 2206 932 2268 in
945 2226 1010 2269 cus·

102 2310 246 2377 todiendo
260 2330 412 2371 sermones
425 2315 505 2373 tuos.
631 2388 634 2393 ,

141 2419 180 2478 In
200 2421 263 2478 toto
278 2416 368 2478 corde
382 2436 448 2477 meo
462 2414 612 2496 exquisivi
631 2422 680 2480 te:
694 2421 713 2456 ¹*
726 2436 765 2478 ne
778 2418 911 2500 repellas
931 2419 1010 2481 niet

100 2522 251 2587 mandatis
269 2523 341 2588 tuis.
853 2607 858 2616 Ι

41 2708 43 2713 ⁴
140 2634 178 2693 In
199 2630 290 2694 corde
311 2650 376 2691 meo
390 2627 534 2692 abscondi
555 2627 676 2710 eloquia
694 2633 764 2691 tua:
779 2631 797 2670 ¹
811 2635 923 2692 utnon
942 2648 1012 2713 pec·

100 2758 166 2800 cern
179 2738 245 2801 tibi.
571 2730 574 2737 ’
680 2752 683 2757 ’

140 2844 326 2906 Benedictus
347 2863 380 2906 es
404 2841 552 2905 Domine:
574 2845 591 2882 ³*
610 2841 686 2904 doce
705 2862 754 2903 me
774 2841 1011 2920 justificationes

98 2955 177 3013 tuas.

138 3054 177 3116 In
190 3054 278 3117 labiis
291 3055 367 3116 meis
381 3057 399 3093 *
411 3054 605 3138 pronuntiavi
626 3054 727 3117 omnia
741 3051 861 3136 judicia
874 3056 938 3118 oria
957 3056 1012 3119 tui.

138 3159 236 3221 Invia
245 3159 485 3222 testimoniorum
499 3168 619 3225 tuorum
630 3160 800 3225 delectatus
815 3181 894 3235 aum,
903 3166 922 3202 *
933 3163 1013 3226 sicut

98 3267 131 3330 in
145 3264 283 3329 omnibus
293 3264 421 3345 divitiis.

138 3372 177 3434 In
197 3369 348 3436 mandatis
367 3370 429 3433 tuis
450 3353 628 3434 exercebor:
642 3375 660 3414 ⁵
675 3376 709 3456 ct
729 3372 929 3438 considerabo
948 3371 1013 3438 nias

99 3485 179 3547 tuas.
