<?xml version="1.0" encoding="UTF-8"?>
<!DOCTYPE html PUBLIC "-//W3C//DTD XHTML 1.0 Transitional//EN"
    "http://www.w3.org/TR/xhtml1/DTD/xhtml1-transitional.dtd">
<html xmlns="http://www.w3.org/1999/xhtml" xml:lang="en" lang="en">
 <head>
  <title>
</title>
<meta http-equiv="Content-Type" content="text/html;charset=utf-8" />
  <meta name='ocr-system' content='tesseract 3.04.00' />
  <meta name='ocr-capabilities' content='ocr_page ocr_carea ocr_par ocr_line ocrx_word'/>
</head>
<body>
  <div class='ocr_page' id='page_1' title='image "./compendiumritua00mdgoog_0064.png"; bbox 0 0 2234 4006; ppageno 0'>
   <div class='ocr_carea' id='block_1_1' title="bbox 141 255 965 358">
    <p class='ocr_par' dir='ltr' id='par_1_1' title="bbox 141 255 965 358">
     <span class='ocr_line' id='line_1_1' title="bbox 141 255 965 358; baseline 0.002 -26"><span class='ocrx_word' id='word_1_1' title='bbox 141 255 142 258; x_wconf 22' lang='lat'>¹</span> <span class='ocrx_word' id='word_1_2' title='bbox 258 291 297 332; x_wconf 82' lang='lat' dir='ltr'>ne</span> <span class='ocrx_word' id='word_1_3' title='bbox 313 277 517 358; x_wconf 8' lang='lat' dir='ltr'>pslcmnruro</span> <span class='ocrx_word' id='word_1_4' title='bbox 538 288 762 334; x_wconf 71' lang='lat' dir='ltr'>auennensem.</span> <span class='ocrx_word' id='word_1_5' title='bbox 927 279 965 334; x_wconf 81' lang='grc'>53</span> 
     </span>
    </p>
   </div>
   <div class='ocr_carea' id='block_1_2' title="bbox 449 464 574 508">
    <p class='ocr_par' dir='ltr' id='par_1_2' title="bbox 449 464 574 508">
     <span class='ocr_line' id='line_1_2' title="bbox 449 464 574 508; baseline -0.016 0"><span class='ocrx_word' id='word_1_6' title='bbox 449 464 574 508; x_wconf 67' lang='lat' dir='ltr'>mamus</span> 
     </span>
    </p>
   </div>
   <div class='ocr_carea' id='block_1_3' title="bbox 10 586 1086 1314">
    <p class='ocr_par' dir='ltr' id='par_1_3' title="bbox 10 586 1086 1314">
     <span class='ocr_line' id='line_1_3' title="bbox 33 586 965 680; baseline 0.001 -20"><span class='ocrx_word' id='word_1_7' title='bbox 33 622 36 627; x_wconf 91' lang='lat'><strong>·</strong></span> <span class='ocrx_word' id='word_1_8' title='bbox 128 598 222 669; x_wconf 85' lang='lat' dir='ltr'>EUS,</span> <span class='ocrx_word' id='word_1_9' title='bbox 239 586 302 678; x_wconf 83' lang='lat' dir='ltr'>¹qui</span> <span class='ocrx_word' id='word_1_10' title='bbox 325 598 412 660; x_wconf 89' lang='lat' dir='ltr'>nobis</span> <span class='ocrx_word' id='word_1_11' title='bbox 437 601 501 660; x_wconf 87' lang='lat' dir='ltr'>sub·</span> <span class='ocrx_word' id='word_1_12' title='bbox 518 599 713 661; x_wconf 73' lang='lat' dir='ltr'>sacramento</span> <span class='ocrx_word' id='word_1_13' title='bbox 737 598 878 669; x_wconf 89' lang='lat' dir='ltr'>mirabili,</span> <span class='ocrx_word' id='word_1_14' title='bbox 900 617 965 680; x_wconf 87' lang='lat' dir='ltr'>pas·</span> 
     </span>
     <span class='ocr_line' id='line_1_4' title="bbox 10 672 967 785; baseline -0.001 -20"><span class='ocrx_word' id='word_1_15' title='bbox 10 672 44 745; x_wconf 63' lang='grc' dir='ltr'>Ι·</span> <span class='ocrx_word' id='word_1_16' title='bbox 150 703 244 765; x_wconf 87' lang='lat' dir='ltr'>sionis</span> <span class='ocrx_word' id='word_1_17' title='bbox 268 704 525 766; x_wconf 79' lang='lat' dir='ltr'>tuememoriam</span> <span class='ocrx_word' id='word_1_18' title='bbox 546 704 709 785; x_wconf 89' lang='lat' dir='ltr'>reliquisti,</span> <span class='ocrx_word' id='word_1_19' title='bbox 729 703 828 767; x_wconf 79' lang='lat' dir='ltr'>tribue</span> <span class='ocrx_word' id='word_1_20' title='bbox 849 724 967 784; x_wconf 76' lang='lat' dir='ltr'>quesu-</span> 
     </span>
     <span class='ocr_line' id='line_1_5' title="bbox 25 809 1086 893; baseline 0 -20"><span class='ocrx_word' id='word_1_21' title='bbox 25 830 33 843; x_wconf 89' lang='lat'><strong>·</strong></span> <span class='ocrx_word' id='word_1_22' title='bbox 51 831 131 882; x_wconf 88' lang='lat' dir='ltr'>mus,</span> <span class='ocrx_word' id='word_1_23' title='bbox 146 811 190 875; x_wconf 85' lang='lat' dir='ltr'>ita</span> <span class='ocrx_word' id='word_1_24' title='bbox 202 830 258 871; x_wconf 91' lang='lat' dir='ltr'>nos</span> <span class='ocrx_word' id='word_1_25' title='bbox 272 809 414 892; x_wconf 81' lang='lat' dir='ltr'>Corporis</span> <span class='ocrx_word' id='word_1_26' title='bbox 429 816 461 872; x_wconf 91' lang='lat' dir='ltr'>et</span> <span class='ocrx_word' id='word_1_27' title='bbox 483 809 645 893; x_wconf 79' lang='lat' dir='ltr'>Sanguinis</span> <span class='ocrx_word' id='word_1_28' title='bbox 665 809 711 872; x_wconf 88' lang='lat' dir='ltr'>tui</span> <span class='ocrx_word' id='word_1_29' title='bbox 724 829 811 871; x_wconf 86' lang='lat' dir='ltr'>sacra</span> <span class='ocrx_word' id='word_1_30' title='bbox 823 809 969 892; x_wconf 82' lang='lat' dir='ltr'>mysteria</span> <span class='ocrx_word' id='word_1_31' title='bbox 1082 873 1086 878; x_wconf 77' lang='grc'><strong>,</strong></span> 
     </span>
     <span class='ocr_line' id='line_1_6' title="bbox 17 914 968 998; baseline -0.002 -20"><span class='ocrx_word' id='word_1_32' title='bbox 17 921 20 924; x_wconf 80' lang='grc'><strong>’</strong></span> <span class='ocrx_word' id='word_1_33' title='bbox 51 916 192 979; x_wconf 85' lang='lat' dir='ltr'>venerari</span> <span class='ocrx_word' id='word_1_34' title='bbox 201 938 210 988; x_wconf 89' lang='lat'>;</span> <span class='ocrx_word' id='word_1_35' title='bbox 230 922 266 978; x_wconf 92' lang='lat' dir='ltr'>ut</span> <span class='ocrx_word' id='word_1_36' title='bbox 279 915 495 998; x_wconf 84' lang='lat' dir='ltr'>redemptionis</span> <span class='ocrx_word' id='word_1_37' title='bbox 516 921 575 978; x_wconf 73' lang='lat' dir='ltr'>tue</span> <span class='ocrx_word' id='word_1_38' title='bbox 590 915 723 978; x_wconf 87' lang='lat' dir='ltr'>fructum</span> <span class='ocrx_word' id='word_1_39' title='bbox 736 915 769 977; x_wconf 89' lang='lat' dir='ltr'>in</span> <span class='ocrx_word' id='word_1_40' title='bbox 783 914 870 977; x_wconf 90' lang='lat' dir='ltr'>nobis</span> <span class='ocrx_word' id='word_1_41' title='bbox 885 915 968 998; x_wconf 83' lang='lat' dir='ltr'>jugi·</span> 
     </span>
     <span class='ocr_line' id='line_1_7' title="bbox 51 1021 968 1105; baseline -0.005 -18"><span class='ocrx_word' id='word_1_42' title='bbox 51 1030 100 1087; x_wconf 89' lang='lat' dir='ltr'>ter</span> <span class='ocrx_word' id='word_1_43' title='bbox 123 1022 299 1085; x_wconf 82' lang='lat' dir='ltr'>sentiamus.</span> <span class='ocrx_word' id='word_1_44' title='bbox 320 1067 322 1071; x_wconf 17' lang='grc' dir='ltr'><strong>η</strong></span> <span class='ocrx_word' id='word_1_45' title='bbox 339 1021 400 1096; x_wconf 82' lang='lat' dir='ltr'>Qui</span> <span class='ocrx_word' id='word_1_46' title='bbox 413 1021 492 1082; x_wconf 85' lang='lat' dir='ltr'>vivis</span> <span class='ocrx_word' id='word_1_47' title='bbox 509 1030 541 1084; x_wconf 90' lang='lat' dir='ltr'>et</span> <span class='ocrx_word' id='word_1_48' title='bbox 560 1042 669 1105; x_wconf 85' lang='lat' dir='ltr'>regnas</span> <span class='ocrx_word' id='word_1_49' title='bbox 690 1042 758 1084; x_wconf 88' lang='lat' dir='ltr'>oum</span> <span class='ocrx_word' id='word_1_50' title='bbox 779 1023 844 1083; x_wconf 89' lang='lat' dir='ltr'>Deo</span> <span class='ocrx_word' id='word_1_51' title='bbox 865 1021 968 1093; x_wconf 87' lang='lat' dir='ltr'>Patre,</span> 
     </span>
     <span class='ocr_line' id='line_1_8' title="bbox 52 1131 657 1217; baseline -0.003 -27"><span class='ocrx_word' id='word_1_52' title='bbox 52 1136 112 1191; x_wconf 86' lang='lat' dir='ltr'>etc.</span> <span class='ocrx_word' id='word_1_53' title='bbox 154 1131 264 1195; x_wconf 84' lang='lat' dir='ltr'>Amen.</span> <span class='ocrx_word' id='word_1_54' title='bbox 298 1212 301 1217; x_wconf 17' lang='grc' dir='ltr'>Ι</span> <span class='ocrx_word' id='word_1_55' title='bbox 639 1199 657 1214; x_wconf 11' lang='lat' dir='ltr'>*y</span> 
     </span>
     <span class='ocr_line' id='line_1_9' title="bbox 92 1227 967 1314; baseline -0.001 -19"><span class='ocrx_word' id='word_1_56' title='bbox 92 1230 215 1296; x_wconf 86' lang='lat' dir='ltr'>Deinde</span> <span class='ocrx_word' id='word_1_57' title='bbox 239 1227 400 1294; x_wconf 74' lang='lat' dir='ltr'>annuntiet</span> <span class='ocrx_word' id='word_1_58' title='bbox 427 1232 639 1314; x_wconf 77' lang='lat' dir='ltr'>Indulgentiae</span> <span class='ocrx_word' id='word_1_59' title='bbox 665 1235 684 1293; x_wconf 73' lang='lat' dir='ltr'>a</span> <span class='ocrx_word' id='word_1_60' title='bbox 709 1234 833 1295; x_wconf 85' lang='lat' dir='ltr'>summis</span> <span class='ocrx_word' id='word_1_61' title='bbox 861 1233 967 1296; x_wconf 88' lang='lat' dir='ltr'>Ponti·</span> 
     </span>
    </p>
   </div>
   <div class='ocr_carea' id='block_1_4' title="bbox 47 1313 1075 2431">
    <p class='ocr_par' dir='ltr' id='par_1_4' title="bbox 51 1313 966 1458">
     <span class='ocr_line' id='line_1_10' title="bbox 52 1313 966 1376; baseline 0.001 -2"><span class='ocrx_word' id='word_1_62' title='bbox 52 1315 161 1376; x_wconf 85' lang='lat' dir='ltr'>ficibus</span> <span class='ocrx_word' id='word_1_63' title='bbox 186 1333 346 1376; x_wconf 88' lang='lat' dir='ltr'>concessas</span> <span class='ocrx_word' id='word_1_64' title='bbox 371 1313 596 1375; x_wconf 86' lang='lat' dir='ltr'>sanctissimum</span> <span class='ocrx_word' id='word_1_65' title='bbox 621 1315 849 1376; x_wconf 83' lang='lat' dir='ltr'>Sacramentum</span> <span class='ocrx_word' id='word_1_66' title='bbox 874 1315 966 1376; x_wconf 91' lang='lat' dir='ltr'>comi·</span> 
     </span>
     <span class='ocr_line' id='line_1_11' title="bbox 51 1394 433 1458; baseline -0.008 -1"><span class='ocrx_word' id='word_1_67' title='bbox 51 1395 199 1458; x_wconf 82' lang='lat' dir='ltr'>tentibus.</span> <span class='ocrx_word' id='word_1_68' title='bbox 431 1394 433 1398; x_wconf 82' lang='grc'><strong>’</strong></span> 
     </span>
    </p>

    <p class='ocr_par' dir='ltr' id='par_1_5' title="bbox 51 1473 968 1719">
     <span class='ocr_line' id='line_1_12' title="bbox 90 1473 968 1559; baseline 0.001 -22"><span class='ocrx_word' id='word_1_69' title='bbox 90 1476 206 1539; x_wconf 80' lang='lat' dir='ltr'>Posteb</span> <span class='ocrx_word' id='word_1_70' title='bbox 231 1493 301 1535; x_wconf 92' lang='lat' dir='ltr'>cum</span> <span class='ocrx_word' id='word_1_71' title='bbox 325 1474 520 1535; x_wconf 82' lang='lat' dir='ltr'>Sacramento</span> <span class='ocrx_word' id='word_1_72' title='bbox 544 1473 577 1534; x_wconf 88' lang='lat' dir='ltr'>in</span> <span class='ocrx_word' id='word_1_73' title='bbox 601 1474 714 1557; x_wconf 85' lang='lat' dir='ltr'>pyxide</span> <span class='ocrx_word' id='word_1_74' title='bbox 733 1477 803 1537; x_wconf 85' lang='lat' dir='ltr'>velo</span> <span class='ocrx_word' id='word_1_75' title='bbox 826 1482 968 1559; x_wconf 84' lang='lat' dir='ltr'>cooperta</span> 
     </span>
     <span class='ocr_line' id='line_1_13' title="bbox 51 1554 967 1657; baseline -0.001 -38"><span class='ocrx_word' id='word_1_76' title='bbox 51 1558 146 1619; x_wconf 85' lang='lat' dir='ltr'>faciat</span> <span class='ocrx_word' id='word_1_77' title='bbox 161 1554 426 1657; x_wconf 55' lang='lat' dir='ltr'>signumucrucis</span> <span class='ocrx_word' id='word_1_78' title='bbox 450 1573 541 1636; x_wconf 87' lang='lat' dir='ltr'>super</span> <span class='ocrx_word' id='word_1_79' title='bbox 564 1556 720 1637; x_wconf 90' lang='lat' dir='ltr'>populum,</span> <span class='ocrx_word' id='word_1_80' title='bbox 746 1557 821 1619; x_wconf 89' lang='lat' dir='ltr'>nihil</span> <span class='ocrx_word' id='word_1_81' title='bbox 850 1557 967 1620; x_wconf 85' lang='lat' dir='ltr'>dicens.</span> 
     </span>
     <span class='ocr_line' id='line_1_14' title="bbox 51 1632 908 1719; baseline 0.001 -19"><span class='ocrx_word' id='word_1_82' title='bbox 51 1632 309 1716; x_wconf 78' lang='lat' dir='ltr'>Postremoillud</span> <span class='ocrx_word' id='word_1_83' title='bbox 329 1634 363 1696; x_wconf 90' lang='lat' dir='ltr'>in</span> <span class='ocrx_word' id='word_1_84' title='bbox 383 1635 450 1697; x_wconf 86' lang='lat' dir='ltr'>loco</span> <span class='ocrx_word' id='word_1_85' title='bbox 471 1656 526 1697; x_wconf 91' lang='lat' dir='ltr'>suo</span> <span class='ocrx_word' id='word_1_86' title='bbox 545 1643 682 1719; x_wconf 86' lang='lat' dir='ltr'>reponat.</span> <span class='ocrx_word' id='word_1_87' title='bbox 906 1697 908 1701; x_wconf 12' lang='grc' dir='ltr'><em>Α</em></span> 
     </span>
    </p>

    <p class='ocr_par' dir='ltr' id='par_1_6' title="bbox 47 1713 1075 2192">
     <span class='ocr_line' id='line_1_15' title="bbox 91 1713 967 1799; baseline -0.002 -21"><span class='ocrx_word' id='word_1_88' title='bbox 91 1717 183 1794; x_wconf 69' lang='lat' dir='ltr'>Quod</span> <span class='ocrx_word' id='word_1_89' title='bbox 199 1715 226 1778; x_wconf 85' lang='lat' dir='ltr'>si</span> <span class='ocrx_word' id='word_1_90' title='bbox 245 1719 284 1777; x_wconf 93' lang='lat' dir='ltr'>ob</span> <span class='ocrx_word' id='word_1_91' title='bbox 297 1713 508 1777; x_wconf 87' lang='lat' dir='ltr'>difficultatem</span> <span class='ocrx_word' id='word_1_92' title='bbox 522 1724 575 1780; x_wconf 88' lang='lat' dir='ltr'>aut</span> <span class='ocrx_word' id='word_1_93' title='bbox 595 1717 815 1799; x_wconf 83' lang='lat' dir='ltr'>longitudinem</span> <span class='ocrx_word' id='word_1_94' title='bbox 836 1716 967 1787; x_wconf 87' lang='lat' dir='ltr'>itineris,</span> 
     </span>
     <span class='ocr_line' id='line_1_16' title="bbox 47 1796 996 1879; baseline -0.002 -21"><span class='ocrx_word' id='word_1_95' title='bbox 47 1800 100 1860; x_wconf 82' lang='lat' dir='ltr'>-uel</span> <span class='ocrx_word' id='word_1_96' title='bbox 122 1797 196 1879; x_wconf 88' lang='lat' dir='ltr'>quia</span> <span class='ocrx_word' id='word_1_97' title='bbox 216 1817 252 1858; x_wconf 86' lang='lat' dir='ltr'>ea</span> <span class='ocrx_word' id='word_1_98' title='bbox 272 1816 333 1877; x_wconf 86' lang='lat' dir='ltr'>qua</span> <span class='ocrx_word' id='word_1_99' title='bbox 352 1797 442 1858; x_wconf 88' lang='lat' dir='ltr'>decet</span> <span class='ocrx_word' id='word_1_100' title='bbox 460 1796 655 1859; x_wconf 88' lang='lat' dir='ltr'>veneratione</span> <span class='ocrx_word' id='word_1_101' title='bbox 678 1799 907 1859; x_wconf 86' lang='lat' dir='ltr'>Sacramentum</span> <span class='ocrx_word' id='word_1_102' title='bbox 927 1797 966 1857; x_wconf 91' lang='lat' dir='ltr'>ad</span> <span class='ocrx_word' id='word_1_103' title='bbox 992 1856 996 1864; x_wconf 85' lang='lat'><em>.</em></span> 
     </span>
     <span class='ocr_line' id='line_1_17' title="bbox 52 1874 968 1958; baseline -0.007 -16"><span class='ocrx_word' id='word_1_104' title='bbox 52 1879 224 1942; x_wconf 74' lang='lat' dir='ltr'>Ecclesiam</span> <span class='ocrx_word' id='word_1_105' title='bbox 239 1877 394 1939; x_wconf 78' lang='lat' dir='ltr'>commode</span> <span class='ocrx_word' id='word_1_106' title='bbox 407 1877 553 1958; x_wconf 85' lang='lat' dir='ltr'>reportari</span> <span class='ocrx_word' id='word_1_107' title='bbox 567 1896 628 1937; x_wconf 91' lang='lat' dir='ltr'>non</span> <span class='ocrx_word' id='word_1_108' title='bbox 642 1882 753 1958; x_wconf 83' lang='lat' dir='ltr'>potest,</span> <span class='ocrx_word' id='word_1_109' title='bbox 768 1881 888 1955; x_wconf 86' lang='lat' dir='ltr'>sumpta</span> <span class='ocrx_word' id='word_1_110' title='bbox 900 1874 968 1937; x_wconf 89' lang='lat' dir='ltr'>fue·</span> 
     </span>
     <span class='ocr_line' id='line_1_18' title="bbox 51 1956 966 2040; baseline -0.004 -18"><span class='ocrx_word' id='word_1_111' title='bbox 51 1961 174 2023; x_wconf 81' lang='lat' dir='ltr'>ritune</span> <span class='ocrx_word' id='word_1_112' title='bbox 194 1956 313 2021; x_wconf 77' lang='lat' dir='ltr'>tantdm</span> <span class='ocrx_word' id='word_1_113' title='bbox 334 1957 483 2040; x_wconf 86' lang='lat' dir='ltr'>particula</span> <span class='ocrx_word' id='word_1_114' title='bbox 505 1967 691 2028; x_wconf 85' lang='lat' dir='ltr'>consecrata,</span> <span class='ocrx_word' id='word_1_115' title='bbox 714 1964 749 2017; x_wconf 92' lang='lat' dir='ltr'>ut</span> <span class='ocrx_word' id='word_1_116' title='bbox 771 1957 966 2028; x_wconf 88' lang='lat' dir='ltr'>dictumest,</span> 
     </span>
     <span class='ocr_line' id='line_1_19' title="bbox 51 2036 965 2121; baseline -0.005 -18"><span class='ocrx_word' id='word_1_117' title='bbox 51 2049 125 2109; x_wconf 86' lang='lat' dir='ltr'>tunc</span> <span class='ocrx_word' id='word_1_118' title='bbox 139 2040 177 2103; x_wconf 85' lang='lat' dir='ltr'>ea</span> <span class='ocrx_word' id='word_1_119' title='bbox 189 2037 309 2100; x_wconf 85' lang='lat' dir='ltr'>infirmo</span> <span class='ocrx_word' id='word_1_120' title='bbox 322 2036 543 2108; x_wconf 86' lang='lat' dir='ltr'>administrata,</span> <span class='ocrx_word' id='word_1_121' title='bbox 559 2036 706 2099; x_wconf 86' lang='lat' dir='ltr'>Sacerdos</span> <span class='ocrx_word' id='word_1_122' title='bbox 720 2036 876 2121; x_wconf 73' lang='lat' dir='ltr'>predictis</span> <span class='ocrx_word' id='word_1_123' title='bbox 889 2036 965 2098; x_wconf 85' lang='lat' dir='ltr'>Pre-</span> 
     </span>
     <span class='ocr_line' id='line_1_20' title="bbox 52 2117 1075 2192; baseline -0.003 -9"><span class='ocrx_word' id='word_1_124' title='bbox 52 2121 137 2183; x_wconf 90' lang='lat' dir='ltr'>cibus</span> <span class='ocrx_word' id='word_1_125' title='bbox 151 2119 299 2190; x_wconf 78' lang='lat' dir='ltr'>recitatis,</span> <span class='ocrx_word' id='word_1_126' title='bbox 314 2139 382 2179; x_wconf 90' lang='lat' dir='ltr'>eum</span> <span class='ocrx_word' id='word_1_127' title='bbox 395 2139 486 2180; x_wconf 80' lang='lat' dir='ltr'>mnnu</span> <span class='ocrx_word' id='word_1_128' title='bbox 507 2117 671 2190; x_wconf 88' lang='lat' dir='ltr'>benedicit,</span> <span class='ocrx_word' id='word_1_129' title='bbox 686 2127 718 2180; x_wconf 90' lang='lat' dir='ltr'>et</span> <span class='ocrx_word' id='word_1_130' title='bbox 737 2119 801 2180; x_wconf 76' lang='lat' dir='ltr'>und</span> <span class='ocrx_word' id='word_1_131' title='bbox 815 2138 883 2180; x_wconf 91' lang='lat' dir='ltr'>cum</span> <span class='ocrx_word' id='word_1_132' title='bbox 897 2117 966 2180; x_wconf 90' lang='lat' dir='ltr'>aliis</span> <span class='ocrx_word' id='word_1_133' title='bbox 1073 2188 1075 2192; x_wconf 18' lang='lat'>⁸</span> 
     </span>
    </p>

    <p class='ocr_par' dir='ltr' id='par_1_7' title="bbox 50 2195 965 2431">
     <span class='ocr_line' id='line_1_21' title="bbox 72 2195 965 2270; baseline -0.004 -7"><span class='ocrx_word' id='word_1_134' title='bbox 72 2202 169 2264; x_wconf 73' lang='lat' dir='ltr'>riveto</span> <span class='ocrx_word' id='word_1_135' title='bbox 189 2200 303 2270; x_wconf 88' lang='lat' dir='ltr'>babitu,</span> <span class='ocrx_word' id='word_1_136' title='bbox 319 2195 471 2261; x_wconf 83' lang='lat' dir='ltr'>extinctis&#39;</span> <span class='ocrx_word' id='word_1_137' title='bbox 483 2199 658 2270; x_wconf 91' lang='lat' dir='ltr'>luminibus,</span> <span class='ocrx_word' id='word_1_138' title='bbox 672 2200 804 2261; x_wconf 87' lang='lat' dir='ltr'>umbella</span> <span class='ocrx_word' id='word_1_139' title='bbox 823 2199 965 2270; x_wconf 86' lang='lat' dir='ltr'>demissa,</span> 
     </span>
     <span class='ocr_line' id='line_1_22' title="bbox 50 2224 964 2364; baseline -0.001 -22"><span class='ocrx_word' id='word_1_140' title='bbox 50 2224 166 2345; x_wconf 61' lang='lat' dir='ltr'>latente</span> <span class='ocrx_word' id='word_1_141' title='bbox 190 2280 315 2364; x_wconf 82' lang='lat' dir='ltr'>pyxide,</span> <span class='ocrx_word' id='word_1_142' title='bbox 339 2281 378 2344; x_wconf 91' lang='lat' dir='ltr'>ad</span> <span class='ocrx_word' id='word_1_143' title='bbox 406 2280 588 2352; x_wconf 86' lang='lat' dir='ltr'>Ecclesiam,</span> <span class='ocrx_word' id='word_1_144' title='bbox 615 2282 809 2344; x_wconf 87' lang='lat' dir='ltr'>veldomum</span> <span class='ocrx_word' id='word_1_145' title='bbox 833 2280 964 2361; x_wconf 85' lang='lat' dir='ltr'>quisque</span> 
     </span>
     <span class='ocr_line' id='line_1_23' title="bbox 52 2366 668 2431; baseline -0.008 -6"><span class='ocrx_word' id='word_1_146' title='bbox 52 2385 137 2427; x_wconf 86' lang='lat' dir='ltr'>suam</span> <span class='ocrx_word' id='word_1_147' title='bbox 156 2366 369 2431; x_wconf 56' lang='lat' dir='ltr'>revertatur„</span> <span class='ocrx_word' id='word_1_148' title='bbox 471 2413 473 2418; x_wconf 95' lang='lat'><em>.</em></span> <span class='ocrx_word' id='word_1_149' title='bbox 662 2399 668 2408; x_wconf 91' lang='lat'>-</span> 
     </span>
    </p>
   </div>
   <div class='ocr_carea' id='block_1_5' title="bbox 73 2581 349 2686">
    <p class='ocr_par' dir='ltr' id='par_1_8' title="bbox 73 2581 349 2686">
     <span class='ocr_line' id='line_1_24' title="bbox 73 2581 349 2686; baseline -0.029 -14"><span class='ocrx_word' id='word_1_150' title='bbox 73 2581 349 2686; x_wconf 60' lang='lat'>.,;·&#39;</span> 
     </span>
    </p>
   </div>
   <div class='ocr_carea' id='block_1_6' title="bbox 0 0 1125 4006">
    <p class='ocr_par' dir='ltr' id='par_1_9' title="bbox 0 0 1125 4006">
     <span class='ocr_line' id='line_1_25' title="bbox 0 0 1125 4006; baseline 0 0"><span class='ocrx_word' id='word_1_151' title='bbox 0 0 1125 4006; x_wconf 95' lang='lat' dir='ltr'> </span> 
     </span>
    </p>
   </div>
  </div>
 </body>
</html>
