2206 4004
140 268 198 327 178
370 332 372 337 ,
519 282 680 327 ronanam.

139 444 284 487 concessa
302 425 322 484 i
342 425 560 519 Reverendiss.
580 424 623 487 Ν.
637 445 687 486 ssu
701 425 858 491 iaVicario
878 427 924 487 N.
939 428 993 488 sub
1005 425 1045 487 dic
1090 488 1091 493 ,

138 573 171 592 ..
193 572 203 590 .
224 530 314 602 datis,
329 539 389 593 etc.
409 530 491 594 iufra
511 532 619 613 scripti
639 531 765 602 tenoris,
781 552 872 612 quam
893 553 988 614 penes
1006 551 1047 592 me

138 657 225 698 servo
237 657 306 698 cum
318 635 386 697 aliis
401 637 574 733 hujusmodi
589 636 796 707 facultatibus,
807 637 958 717 nulloque
972 657 1048 718 pros-

17 771 20 776 ·
139 741 189 804 siis
204 743 423 824 impedimento
438 743 543 814 allato,
558 765 624 825 ego,
639 749 698 804 etc.
712 747 746 821 ut
759 745 860 823 supra.

180 847 426 908 Denuntiationcs
446 850 516 909 neri
537 844 599 928 pua
615 857 687 928 post
707 852 886 909 constructum
904 849 1054 909 matrimo-

139 954 222 1013 nium
235 955 326 1034 fiant,
348 955 393 1013 ita
414 955 597 1014 scribantur:
627 956 718 1014 Anno
734 997 742 1012 .
758 996 766 1014 .
782 954 855 1014 ..die
872 996 879 1012 .
896 998 929 1015 ..
950 955 1057 1015 mensis

23 1066 26 1073 '
91 1053 94 1057 ’
142 1102 150 1120 .
166 1102 175 1118 .
190 1103 199 1119 .
213 1060 266 1139 qui
283 1060 342 1120 fuit
355 1061 476 1155 Festus,
492 1066 551 1120 etc.
566 1067 598 1121 et
611 1060 763 1140 sequenti,
779 1060 833 1140 qui
848 1061 908 1122 suit
923 1061 1058 1121 Domini·

142 1186 207 1236 eus,
223 1173 282 1226 etc.
304 1167 440 1246 ejusdem
459 1167 584 1236 mensis,
605 1167 669 1248 Ego
691 1165 734 1226 N.
754 1167 869 1231 Rector
890 1166 981 1247 hujus
1002 1168 1059 1226 Ec-

143 1271 243 1332 clesiae
259 1273 291 1332 S.
312 1272 354 1332 N.
369 1273 450 1334 inter
464 1273 630 1333 Missurum
651 1271 798 1333 solemnia
815 1272 1072 1335 denuntiationes

143 1377 233 1439 habui
247 1378 447 1449 matrimonii,
452 1378 514 1459 jam
531 1379 641 1460 praevia
653 1385 822 1460 opportuna
835 1377 1063 1460 dispensatione

18 1530 25 1537 .
48 1483 52 1487 ’
145 1482 215 1543 initi
235 1483 315 1543 inte'r
335 1484 378 1544 N.
393 1491 425 1545 et
444 1485 487 1544 N.
502 1484 551 1545 die
572 1484 669 1565 prima
689 1484 779 1564 hujus
800 1485 926 1555 mensis,
946 1486 1064 1546 nullum

145 1596 247 1649 tamen
273 1589 460 1649 Canonicum
482 1586 732 1669 impedimentum
752 1570 914 1670 abaliquo
938 1591 1065 1653 allatum

26 1760 28 1764 ,
146 1700 205 1765 est,
220 1694 392 1775 quominus
413 1695 584 1775 hujusmodi
604 1695 828 1758 matrimonium
843 1704 944 1779 ratum
958 1718 994 1758 ac
1014 1697 1066 1757 fir-

148 1822 231 1863 mum
245 1823 311 1864 esse
326 1803 444 1865 debeat.
1007 1866 1008 1872 ,

191 1908 226 1968 Si
247 1912 344 1968 autem
365 1909 597 1968 denuntiationes
622 1927 716 1969 onnes
738 1909 902 1968 omittenda
921 1910 994 1980 sint,
1016 1913 1070 1968 aut

148 2013 328 2093 suffurandas,
349 2015 394 2075 itu
419 2015 583 2075 scribatur:
616 1998 905 2075 Denuntiationibus
928 1993 1069 2074 omnibus

147 2118 278 2188 omissis,
291 2119 339 2179 uel
352 2118 467 2193 ditatis,
482 2126 541 2179 etc.
554 2139 591 2178 ex
605 2117 763 2194 facultate,
778 2123 838 2179 etc.
872 2118 944 2198 Ego
953 2119 1070 2179 Rector

150 2222 193 2282 N.
208 2229 267 2281 etc.
281 2224 431 2301 utsupra.

192 2326 323 2384 Ceteram
348 2327 377 2384 si
400 2328 490 2386 atteri
514 2329 688 2406 Presbytero
714 2328 751 2387 ub
775 2297 951 2397 Ordinatio,
977 2330 1068 2389 neti

149 2405 285 2467 Puroctso
299 2406 363 2484 ipso
373 2405 511 2487 facultas
521 2407 611 2484 sacta
624 2409 665 2474 sit
679 2409 887 2489 conjungendi.
898 2409 1023 2487 aliquos,
1037 2409 1071 2468 id

148 2488 183 2548 in
203 2486 277 2548 libro
293 2487 413 2567 proprii
432 2486 563 2546 Paroctti
584 2489 628 2546 sic
649 2491 809 2566 adnotetur
829 2489 923 2567 insius
937 2489 1069 2549 Paroctsi

119 2597 121 2601 ’
150 2589 257 2630 uranu:

43 2711 46 2715 ·
142 2683 154 2752 j
187 2675 230 2737 N.
244 2675 420 2756 Presbyter,
435 2672 483 2733 uel
495 2673 679 2757 Capelianus
694 2673 841 2734 Ecclesia
857 2671 901 2734 Ν.
918 2673 1067 2736 delinen-

147 2781 192 2842 tia
215 2779 474 2841 Reverendissimi
499 2777 643 2860 Episcopi
668 2779 711 2838 N.
732 2792 783 2861 scu
802 2778 846 2838 N.
867 2777 1069 2859 ejus'Victrii

150 2885 210 2945 ioci
231 2885 273 2944 N.
290 2894 342 2945 aut
363 2907 440 2954 mea,
456 2904 522 2964 quae
545 2876 637 2966 penes
652 2904 700 2944 me
721 2890 831 2955 exstat,
847 2884 891 2945 N.
905 2864 1006 2946 filium
1025 2885 1067 2946 N.

150 2995 183 3050 et
196 2989 239 3049 Ν.
252 2997 317 3050 etc.
328 2989 517 3052 matrimonio
530 2972 699 3070 conjunxit,
711 2997 771 3051 etc.
781 2993 930 3070 utsupra.
965 2992 1009 3052 Et
1018 3011 1071 3072 ego

150 3095 193 3156 N.
205 3096 359 3157 Panochus
373 3097 416 3165 N.
432 3097 608 3178 subscripsi,
621 3110 654 3158 et
665 3104 763 3158 testor
773 3117 838 3156 rem
848 3096 892 3158 ita
904 3117 937 3159 se
950 3097 1071 3161 habere.

195 3199 282 3270 Quas
299 3201 327 3258 si
340 3219 377 3260 eu
391 3200 669 3261 denuntiationibus
685 3206 855 3282 compertum
868 3203 922 3273 sit,
937 3205 1074 3284 conjuges

151 3281 250 3361 atiquo
265 3280 535 3358 consanguinitatis
548 3287 599 3351 aut
621 3282 777 3359 affinitatis
794 3283 892 3360 gradu
907 3285 1075 3363 conjunctos

150 3378 222 3432 essa,
248 3359 444 3422 nihilominus
469 3358 509 3418 aa
535 3361 764 3422 contrahendum
781 3363 882 3444 suerit
910 3383 981 3424 cum
1003 3365 1076 3445 ipsis

78 3467 85 3473 ·
150 3439 324 3530 Apostolica
338 3438 524 3527 'auctoritate
549 3440 770 3521 dispensatum,
783 3445 940 3505 adnotetur
961 3447 1066 3524 gratu
