2234 4006
166 269 216 343 48,
373 281 411 322 nn
433 278 633 339 sacrauuaro
654 264 877 320 socuanismrs.

164 422 293 506 proprias
315 421 422 482 salutis
442 420 630 482 immemores
652 419 760 501 saepibs
773 419 921 482 admoniti
945 440 1006 482 non
1025 425 1071 483 ob·

164 502 584 584 temperaverint,'0rdiuario
598 521 652 562 suo
667 501 836 562 denuntiet.
993 568 996 573 ,
1030 576 1032 581 Ι

205 584 297 644 Dabit
321 602 441 662 quoquc
466 603 587 664 operam
611 582 775 651 Paroclrus‚
798 581 896 660 quoad
924 583 992 662 ejus
1012 581 1073 643 lieri

165 675 274 746 potest,
290 671 324 722 ut
344 664 376 722 in
396 664 461 743 ipso
482 664 532 725 die
553 663 887 735 sanctissimoPaschae
910 663 1071 723 communi·

165 754 236 806 cent
244 765 253 815 ;
274 763 333 822 quo
354 744 404 804 die
424 744 434 802 i
457 754 563 824 seper
584 764 627 813 se,
649 742 708 803 nisi
725 742 863 823 legitime
882 743 1072 822 impediatur,

163 825 311 906 parochiae
326 843 388 884 suae
409 765 550 885 fidelibus
563 824 619 884 hoc
642 825 868 884 Sacramentum
882 824 1072 886 ministrabit

164 906 284 966 Alienae
298 905 370 965 verb
391 905 538 984 parochiae
555 905 662 965 fideles
677 905 715 964 ad
736 904 890 984 proprium
908 905 1073 971 Parochum
1113 938 1115 965 ÷

163 986 308 1055 remittet,
322 991 430 1060 praeter
465 985 617 1066 eregrinos
632 991 664 1045 et
683 985 826 1054 advenas,
841 989 872 1044 et
891 985 947 1063 qui
961 994 1072 1047 certum

164 1067 350 1127 domicilium
369 1086 429 1126 non
443 1008 570 1126 liabent:
592 1066 700 1145 quibus
714 1067 779 1145 ipse
794 1085 910 1125 sacram
932 1068 1072 1147 praebebit

166 1147 424 1216 Communionem,
448 1146 475 1207 si
498 1146 537 1206 ad
561 1146 648 1205 illum
670 1146 856 1206 accesserint
877 1145 938 1206 rite*
961 1149 1071 1227 parati;

164 1228 213 1288 vel
227 1228 279 1288 ubi
290 1234 337 1288 est
351 1248 386 1287 ea
397 1227 594 1296 consuetudo,
607 1248 657 1287 eos
669 1227 707 1286 ad
722 1225 914 1286 Cathedralis
930 1229 1071 1289 Ecclesia

164 1309 314 1369 Parochos
334 1307 479 1369 remittet.
520 1309 555 1367 ln
579 1307 687 1368 ceteris
702 1307 773 1366 verd
795 1307 929 1368 servabit
945 1328 991 1378 ea,
1009 1329 1070 1388 quae

163 1389 196 1449 in
209 1390 286 1448 libro
300 1389 339 1447 de
353 1394 433 1449 statu
449 1388 624 1458 animarum,
636 1395 672 1447 ut
685 1386 776 1457 infra,
791 1388 1036 1468 prescribuntur.

204 1469 342 1548 AEgrotis
373 1488 493 1547 quoque
523 1467 754 1547 parochialibus,
783 1468 900 1534 etiamsi
936 1469 1070 1531 Commu·

163 1548 284 1608 niouem
299 1553 384 1607 extra
404 1548 597 1628 praescriptos
617 1548 778 1609 Paschales
793 1548 858 1629 dies
880 1552 1069 1631 sumpserint,
1113 1554 1115 1561 '

164 1629 196 1689 in
210 1627 406 1688 Paschalibus
420 1628 526 1688 diebus
540 1629 624 1690 illum
638 1628 756 1691 deleret
769 1635 803 1688 ac
818 1629 1013 1692 ministrabit.

391 1814 429 1855 nn
446 1812 643 1856 commumous
659 1779 851 1858 molinorum.

235 1947 426 2009 IATICUM
451 1947 646 2010 sacratissimi
671 1947 813 2028 Corporis
836 1947 959 2010 Domini
980 1955 1072 2015 nostri
1113 1954 1115 1965 '

253 2031 327 2089 Jesu
352 2029 467 2089 Christi
487 2050 601 2090 summo
622 2029 722 2107 studio
744 2049 779 2087 ac
800 2027 960 2109 diligentia
980 2052 1071 2115 aegro·

164 2108 297 2168 tontibus
312 2121 477 2187 opportuno
492 2117 625 2189 tempore
639 2109 860 2190 procurandum
875 2117 932 2183 est,
944 2132 985 2174 ne
1000 2115 1072 2177 lorti
1113 2170 1115 2175 .

165 2187 322 2268 contingat
339 2188 410 2247 illos
430 2195 514 2249 tanto
536 2190 623 2258 bono,
644 2189 771 2257 Parochi
791 2188 920 2260 incuria,
941 2194 1071 2273 privatos

164 2268 323 2344 decedere.
364 2268 541 2328 Cavendum
556 2276 665 2329 autem.
675 2269 708 2329 in
721 2269 825 2350 primis
840 2276 897 2341 est,
913 2290 952 2333 ne
966 2276 1007 2336 ad
1027 2277 1071 2336 in·

164 2349 271 2429 dignos
293 2368 361 2408 cum
381 2348 508 2409 aliorum
528 2350 670 2410 scandalo
691 2350 855 2419 deferatur,
876 2353 985 2429 quales
1006 2364 1073 2418 sunt

163 2428 278 2510 publici
292 2429 431 2513 usurarii,
444 2430 658 2500 concubinarii,
671 2430 787 2491 notorie
801 2431 967 2504 criminosi,
979 2438 1071 2497 nomi·

164 2510 257 2571 natim
280 2511 530 2571 excommunicati
550 2517 603 2571 aut
623 2511 804 2581 denuntiati,
825 2510 883 2571 nisi
904 2533 972 2575 sese
993 2517 1071 2597 prius

164 2611 249 2652 sacra
271 2590 474 2652 confessione·
489 2592 694 2672 purgaverint,
709 2598 740 2653 et
760 2591 888 2672 publicae
905 2594 1070 2668 offensioni,

163 2681 253 2753 prout
266 2673 304 2733 de
321 2671 401 2751 jure,
416 2671 629 2733 satisfecerint.

203 2751 351 2814 Hortatur
376 2753 527 2834 Parochus
551 2753 714 2822 infirmum,
736 2758 771 2814 ut
793 2774 909 2815 sacram
932 2754 1072 2818 Commu·

162 2832 283 2893 nionem
311 2840 420 2904 sumat,
445 2832 536 2894 etiam
561 2833 601 2892 si'
613 2833 746 2914 graviter.
771 2854 830 2894 non
860 2842 998 2935 aegrotct,
1022 2845 1073 2899 aut

162 2914 275 2982 mortis,
296 2914 464 2993 periculum
492 2933 552 2974 non
580 2913 745 2983 immineat,
773 2914 902 2974 maxime
929 2916 955 2976 si
990 2918 1073 2980 Festi

162 2992 291 3073 alicujus
304 2994 505 3067 celebritasid
521 2994 646 3055 suadeat
654 3013 663 3065 ;
684 3012 783 3074 neque
794 2995 859 3076 ipse
871 2996 957 3057 illam
968 2999 1073 3064 minis-

161 3080 242 3134 trare
256 3073 417 3134 recusabit.
567 3120 569 3127 ,

201 3152 261 3213 Pro
280 3153 412 3213 Viatico·
425 3159 525 3214 autem
545 3151 738 3224 ministrabit,
761 3153 828 3215 cium
852 3159 1009 3236 probabile
1028 3166 1076 3222 est

162 3233 243 3313 qudd
256 3254 321 3294 eam
332 3232 459 3312 amplibs
471 3254 588 3294 sumere
600 3253 660 3294 nou
674 3235 795 3315 poterit.
807 3260 811 3271 ·
837 3237 926 3311 Qudd
941 3241 968 3299 si
982 3259 1010 3300 ae
1048 3262 1075 3311 r,

161 3321 280 3394 sumpto
304 3313 434 3384 Viatico,
455 3315 520 3375 dies
548 3314 665 3393 aliquot
683 3315 805 3386 vixerit,
826 3319 874 3377 vel
902 3321 1009 3400 pericu
1022 3340 1076 3382 um

159 3395 265 3455 mortis
293 3395 432 3465 evaserit,
458 3402 490 3457 et
517 3395 737 3458 communicare
762 3398 904 3471 voluerit,
930 3402 998 3481 ejus
1024 3402 1077 3484 pio

161 3474 312 3538 desiderio
333 3475 485 3539 Parochus
506 3494 566 3537 non
588 3475 695 3537 deerit.
1112 3486 1115 3491 '
