2234 4006
408 302 410 306 ·
482 294 643 352 noum.
963 292 1022 376 ¹⁷⁹.

88 416 375 530 consanguinitatis
393 449 442 510 oet
462 449 620 531 affinitatis
641 447 827 530 dispensata,
841 457 869 509 et
890 448 1026 530 compen*
1095 468 1098 473 ·

94 533 187 592 dium
202 532 311 593 decreti
324 551 408 609 super
419 550 453 589 ea
467 532 557 592 relati
571 549 637 590 mem
652 531 699 591 dic
714 538 742 591 'et
756 550 841 602 acino,
855 550 890 589 ac
901 530 1027 593 Notarii

95 612 134 672 de
149 612 207 672 illo
221 609 322 690 rogati
336 611 452 672 nomine
466 611 525 677 icoc.
535 611 647 681 modos,
977 619 981 627 '

139 710 236 778 ¹Anno
259 702 413 778 Domini.
435 716 540 799 ..die
561 757 594 776 ..
616 759 624 776 .
645 715 758 776 mensis
781 716 1024 799 ...promissis
1078 766 1081 771 .

97 818 396 892 denuntiationibus,
414 842 450 882 ac
473 804 626 903 comperto
646 819 863 903 impedimento
885 823 1025 894 secundi,

97 926 149 987 vel
167 926 264 997 tertii,
280 929 333 986 aut
346 924 445 1006 quarti
465 926 577 1008 gradus
593 926 876 1008 consanguinitatis,
891 927 940 989 uel
959 925 1024 990 affi-

96 1032 220 1103 nitatis,
236 1053 290 1093 seu
304 1032 365 1093 alio
373 1031 499 1112 quovis,
515 1040 575 1094 etc.
588 1033 670 1095 inter
682 1034 726 1093 N.
740 1040 773 1094 et
786 1034 829 1094 N.
840 1040 903 1107 stc.
918 1036 1024 1095 obten-
1108 1080 1111 1084 .

96 1146 196 1217 toque
220 1158 274 1218 per
296 1157 347 1198 eos
362 1124 548 1219 Apostolicae
572 1138 660 1199 Sedis
680 1139 823 1199 mandato
840 1138 879 1197 de
901 1138 1025 1219 dispen-

78 1242 211 1337 psando,
232 1247 353 1303 etcum
376 1243 419 1304 eis
441 1263 496 1324 per
515 1241 818 1313 Reverendissimum
839 1222 1024 1325 Episcopum

96 1336 145 1406 N.
167 1344 350 1408 auctoritate
372 1345 547 1427 dispensato
569 1350 625 1409 sub
646 1347 696 1407 dis
720 1391 728 1408 .
751 1392 758 1407 .
781 1391 789 1406 .
811 1367 889 1419 anno
912 1390 969 1408 ...
989 1355 1026 1410 ut

99 1457 225 1540 constat
242 1451 371 1512 exactis
393 1451 515 1512 Notarii
530 1451 621 1514 officii
642 1452 781 1536 praedicti
801 1453 960 1535 Episcopi,
973 1475 1024 1516 eos

98 1556 294 1617 matrimonio
309 1557 465 1636 conjunxi,
482 1566 541 1620 etc.
556 1568 591 1619 ut
604 1560 638 1619 in
651 1560 800 1640 praedicta
813 1559 964 1643 formata.

143 1661 394 1723 Renuntiationes
415 1672 513 1724 autem
528 1664 624 1745 faciae
648 1666 683 1725 in
704 1665 1025 1736 diversis-Paracata,

100 1743 206 1820 sponsi
219 1743 362 1803 videlicet
371 1749 400 1804 et
418 1764 541 1824 sponsa,
558 1746 593 1803 ab
611 1755 733 1823 atroque
752 1745 881 1804 Paroctco
901 1746 935 1804 in
950 1744 1025 1804 libro

99 1823 206 1882 notari
221 1825 335 1896 debent,
350 1824 470 1887 etiamsi
484 1826 711 1886 matrimonium
725 1845 784 1884 non
798 1828 958 1902 sequatur..

102 2016 206 2086 FORNIA
221 2045 413 2089 nascaessnm
431 2047 551 2090 STATUM
567 2046 728 2088 ANIMARUM
743 2046 776 2087 IN
790 2046 913 2119 :QUANTO
928 2047 1024 2091 LIBRO.

104 2191 338 2346 FAMILIA
357 2213 473 2274 quaque
487 2194 627 2266 distincti
647 2192 682 2253 in
696 2192 916 2273 libaninotctur,
931 2198 1024 2258 inter-

195 2274 277 2332 vallo
292 2272 392 2334 relicto
409 2277 445 2334 ab
460 2293 633 2354 unaquaque
647 2274 687 2333 ad
706 2275 833 2336 alteram
847 2278 1023 2358 subsequam

103 2359 177 2423 tem,
197 2354 230 2411 in
254 2373 311 2431 qno
335 2355 495 2434 sigillatim
519 2356 689 2415 scribantur
711 2375 828 2428 nomen,
851 2378 1023 2436 cognomen,

102 2441 178 2492 setas
203 2434 400 2512 singulorum,
425 2436 475 2514 qai
495 2430 535 2495 ‘ea
550 2434 682 2518 familia
703 2441 782 2509 suat,
804 2438 852 2498 oei
877 2448 1024 2518 tamquam

104 2513 227 2574 advenae
243 2513 277 2573 in
286 2534 325 2574 vea
339 2516 454 2576 uiuunt.

151 2592 208 2664 Qui
221 2597 290 2653 uero
304 2595 344 2666 ad
356 2614 474 2656 sacram
489 2597 722 2656 Communionem
737 2595 859 2655 admissi
872 2601 955 2667 sunt,
970 2598 1023 2656 noc

104 2675 231 2754 signum
252 2674 289 2734 C.
311 2675 344 2734 in
357 2676 489 2756 margine
511 2679 632 2735 econtra
651 2677 785 2734 habeant.

148 2753 212 2831 Qui
238 2754 431 2816 Sacramento
460 2756 705 2835 Confirmationis
731 2762 798 2813 sunt
822 2755 944 2827 muniti,
970 2755 1024 2819 hoe

104 2832 374 2914 signumieabeant
394 2836 467 2897 Chr.
798 2889 800 2893 ,
929 2873 931 2877 Α

148 2912 208 2986 Qui
227 2915 267 2975 ad
286 2915 381 2976 atium
395 2916 490 2978 locum
504 2914 700 2975 habitandum
719 2915 904 2988 accesserint,
921 2936 1023 2980 coram

103 2995 230 3054 nomina
242 2996 383 3056 subducta
399 2997 478 3057 linea
492 2999 639 3056 notentur.
756 2997 759 3004 ’

144 3075 213 3152 Hac
226 3075 319 3153 igitur
331 3077 445 3139 ratione
457 3078 531 3158 siat,
547 3071 704 3138 videlieet:
748 3095 749 3101 ¹
825 3121 834 3135 .

143 3182 236 3241 Anno
252 3171 285 3239 '.'.
303 3223 311 3240 .
327 3182 377 3243 die
392 3225 401 3242 .
417 3225 425 3242 .
441 3183 576 3244 .mensis
592 3225 600 3244 .
616 3225 624 3242 .
641 3181 696 3242 .in
710 3180 765 3245 via
780 3199 832 3245 scu
851 3184 961 3266 platea,
977 3205 1027 3246 seu

103 3305 193 3368 pago,
207 3286 240 3346 in
254 3287 384 3370 propriis
400 3289 512 3351 aedibus
528 3288 616 3351 Pauli
638 3285 681 3351 N.
696 3289 744 3350 ocl
763 3287 796 3348 in
811 3289 927 3352 aedibus
948 3291 991 3351 N.
1007 3293 1025 3350 a

104 3392 201 3454 Paulo
217 3393 378 3455 conductis
395 3393 542 3467 habitant,
560 3395 631 3457 cnr.
645 3394 760 3457 Paulus
775 3394 818 3455 N.
832 3396 917 3458 Petri
931 3395 1025 3466 filius,

102 3518 264 3590 annorum,
280 3507 339 3563 etc.
380 3499 454 3561 Otr.
476 3495 642 3583 Apollonia
655 3502 722 3583 ejus
740 3521 826 3573 uxor,
840 3481 1027 3566 filiaJacobi
