2234 4006
150 252 210 322 >46
377 283 417 324 nn
439 285 636 326 sacusnnnro
657 285 879 325 nncuamsrrar.

563 490 689 530 OREMUS.

245 619 336 688 EUS‚
357 594 410 698 qui
434 621 520 682 nobis
545 623 600 680 sub
625 622 818 682 Sacramenta
843 620 986 692 mirabili,
1008 642 1068 702 pas·

145 795 148 801 1
268 725 360 785 sionis
381 732 442 786 tuae
465 726 636 786 memoriam
657 726 819 805 reliquisti,
840 727 940 788 tribue
960 747 1071 807 quasu-

67 859 69 863 .
168 849 246 900 mus,
261 830 304 890 ita
319 851 373 891 nos
388 831 528 912 Corporis
542 839 574 893 et
595 832 755 912 Sanguinis
770 831 815 891 tui
835 852 922 893 saera
935 832 1071 914 mysteria

168 936 325 1007 venerari3
346 943 381 998 ut
395 937 609 1017 redemptionis
623 943 680 997 tuae
695 937 826 997 fructum
847 938 880 998 in
893 939 982 998 nobis
997 937 1070 1018 jugi·

168 1048 215 1100 ter
237 1042 410 1104 sentiamus.
439 1043 499 1118 Qui
520 1043 599 1103 vivis
619 1050 651 1104 et
671 1063 778 1124 regnas
800 1043 832 1102 in
852 1044 964 1104 saeeula
985 1048 1070 1109 saecu·

168 1147 276 1206 lorum.
297 1143 335 1224 B)
357 1150 467 1209 Amen.
864 1152 866 1158 ’

143 1292 144 1297 1
212 1250 356 1332 Tempore
368 1253 512 1315 Paseltale'
525 1254 635 1314 dicitnr
652 1255 776 1314 Oratio.-

103 1338 110 1347 ¹
229 1358 379 1418 PIRITU
382 1359 417 1418 M
432 1360 526 1430 nobis,
539 1359 678 1430 Domine,
691 1367 752 1420 tuae
764 1359 920 1421 charitatis
933 1359 1070 1421 infunde:

136 1474 140 1486 “
249 1469 284 1524 ut
309 1484 385 1543 quos
416 1444 617 1525 sacramentis
645 1444 840 1526 Paschalibus
869 1463 1000 1535 sat-iusti,
1027 1473 1072 1525 tua
1111 1486 1113 1539 ξ

169 1569 262 1630 facias
289 1570 401 1650 pietate
428 1573 603 1633 concordes.
643 1574 702 1633 Per
730 1572 887 1634 Christum
914 1571 1072 1633 Dominum

169 1682 317 1735 nostrum.
337 1661 375 1747 Pl.
398 1678 507 1736 Amen.
553 1744 559 1751 ⁸

209 1781 372 1861 Antequam
384 1791 502 1861 reponat
515 1783 748 1854 Sacramentum,
759 1782 921 1862 diligenter
933 1783 1072 1851 advertat,

169 1896 202 1948 at
225 1889 254 1947 ei
273 1889 391 1968 aliquod
405 1888 612 1970 fragmentum
632 1889 738 1968 digitis
756 1889 924 1959 adheserit,
946 1889 1024 1948 illud
1048 1888 1075 1947 in

165 1994 312 2072 pyxidem
337 1995 463 2072 deponat
470 2019 483 2064 ,-
512 1999 540 2052 et
567 1995 681 2052 eosdem
705 1994 828 2071 digitos,
853 1995 958 2070 quidus
982 1993 1076 2077 tetegit

174 2098 405 2167 Sacramentum,
429 2097 537 2166 abluat,
564 2078 591 2156 et
611 2095 758 2180 abstergat
776 2096 1007 2176 purificatorio3
1029 2095 1076 2157 at·

124 2226 126 2233 v
171 2201 312 2260 lationem
332 2203 401 2260 verd
421 2205 527 2271 sumat,
542 2202 569 2260 ei
590 2201 788 2272 celebraverit,
803 2209 853 2260 unt
873 2203 925 2273 iis,
940 2203 992 2281 qni
1012 2209 1074 2262 tune

155 2383 158 2390 Ι
171 2305 431 2374 communicarunt,
444 2303 615 2366 sumendam
626 2307 734 2377 tradat,
747 2314 798 2366 ant
811 2307 918 2367 saitem
931 2308 965 2366 in
979 2326 1074 2368 saera·

170 2410 248 2470 riam
267 2409 395 2490 inje’eiat.
435 2392 545 2470 Posteri
561 2413 888 2492 genuflectens-reponit
908 2414 1074 2473 Sacramen-

67 2572 70 2577 .
169 2523 233 2574 tam
247 2515 278 2575 in
298 2514 638 2586 interamnanam
658 2517 780 2577 obserat.
822 2516 939 2577 Deinde
960 2520 1074 2579 retenta

169 2641 260 2682 mann
273 2623 403 2690 dextera,
415 2621 558 2680 benedicit
570 2621 610 2679 iis
621 2623 671 2700 qni
684 2622 947 2696 communicarunt,
959 2624 1072 2683 dicens:

170 2729 347 2790 Benedictio
375 2727 433 2788 Dei
457 2728 670 2810 omnipotentis
698 2728 809 2799 Patris,
832 2736 866 2808 »Β
886 2734 917 2789 et
942 2728 1025 2800 Filii,
1046 2735 1073 2789 et

169 2836 301 2916 Spiritus
311 2820 408 2896 saneti
419 2834 585 2897 descendat
598 2854 686 2916 super
696 2854 761 2905 vos,
773 2842 805 2896 ct
818 2841 939 2897 maneat
949 2855 1072 2916 semper.

169 2930 206 3010 Ill.
229 2941 338 3001 Amen.

209 3045 386 3105 Communia
407 3051 506 3104 autem
525 3044 628 3125 populi
640 3044 721 3104 intra
742 3042 868 3104 Missam
883 3045 987 3107 statim
1046 3050 1070 3105 st

169 3123 415 3184 communionem
432 3124 603 3186 Sacerdotis
618 3125 798 3185 celebrantis
818 3124 883 3186 fieri
897 3125 990 3186 debet
1019 3123 1067 3184 nisi

103 3247 104 3250 ,
169 3206 352 3284 quandoque·
365 3224 401 3263 ex
422 3204 591 3264 rationabili
607 3225 696 3265 causa
709 3213 777 3286 post
797 3206 924 3265 Missam
940 3206 982 3266 sit
1000 3205 1067 3267 faci·

168 3284 259 3364 enda)
270 3283 335 3345 cum
348 3280 591 3364 orationemque
602 3284 633 3344 in
644 3285 741 3345 Missa
750 3286 818 3365 post
827 3285 1066 3346 Communionen

86 3386 89 3391 ·
168 3364 322 3434 dicuntur,
343 3384 404 3425 non
429 3363 524 3428 sellim
548 3365 586 3425 ad
612 3366 816 3438 Sacerdotem,
842 3366 896 3428 sed
922 3361 1065 3430 etiamad

168 3444 244 3508 alios
265 3444 520 3515 communicantes
540 3451 689 3530 spectent.
