2234 4006
119 272 123 279 '
152 274 192 335 50
356 289 396 335 nc
417 288 614 336 sacrannaro
636 285 860 346 nncnamsmm.

150 434 224 495 vero
245 434 393 495 Sacerdos
407 433 547 515 imposito
568 431 624 494 sibi
638 431 720 513 prius
741 434 778 492 ab
792 438 922 525 utroque
943 431 1064 491 humero

151 517 284 596 oblongo¹
293 514 361 575 velo
384 513 515 584 decenti,
530 520 660 594 utraque
680 532 771 573 manu
786 512 916 593 accipiat
930 531 985 571 vas
999 531 1064 572 cum

153 597 358 664 Sacramenta,
386 601 418 655 et
442 594 555 673 deinde
581 594 745 654 umbellam
773 613 825 654 seu
853 591 1064 654 baldachinum

50 710 53 715 ·
85 692 88 697 ·
152 676 268 745 subeat,
289 676 374 735 nudo*
392 672 491 755 capite
510 694 719 756 processurus.

192 756 352 816 Praecedat
379 776 496 837 semper
515 754 708 836 ‹Acolytbus
736 754 785 814 vel
821 753 898 814 alius
931 752 1066 812 minister

152 835 292 896 deferens
320 837 469 897 laternam
495 834 599 916 (noctu
625 841 725 895 autem
752 834 809 894 hoc
838 835 1063 894 Sacramentum

54 948 57 952 ’
152 915 265 977 deferri
286 936 346 977 non
368 917 469 987 debet,
491 916 548 976 nisi
574 916 739 976 necessitas
760 912 879 995 urgeat)
900 920 1066 993 sequantur

152 995 213 1057 duo
228 996 353 1067 Clerici,
367 998 416 1057 vel
438 997 491 1076 qui
504 996 626 1056 illorum
640 995 723 1056 vices
739 996 919 1077 suppleant3
934 1014 1065 1073 quorum

153 1077 231 1137 alter
251 1098 358 1157 aquam
383 1077 575 1138 benedictam
600 1097 668 1136 cum
691 1075 869 1156 aspersorio,
891 1080 923 1135 et
948 1077 1065 1135 bursam

153 1174 222 1216 curn
237 1159 397 1238 corporali,
412 1158 494 1237 quod
517 1156 748 1238 supponendum
762 1155 821 1216 erit
833 1156 960 1216 vasculo
981 1175 1064 1215 sanc-

152 1237 262 1298 tissimi
277 1238 465 1300 sacramenti
479 1259 569 1320 super
584 1257 687 1304 mensa
700 1237 732 1295 in
747 1234 886 1297 eubiculo
900 1235 1026 1305 infirmi,
1038 1241 1065 1294 et

153 1339 222 1378 cum
236 1319 363 1380 linteolo
377 1317 581 1401 purificatorio
593 1319 630 1378 ad
643 1317 754 1398 digitos
767 1317 942 1377 Sacerdotis
953 1319 1064 1377 abster-

152 1400 285 1480 gendos3
305 1401 383 1461 alter
397 1400 477 1461 bunc
491 1399 602 1460 librum
622 1398 776 1459 Ritualem
791 1396 919 1466 deferat,
935 1403 967 1457 et
986 1417 1064 1473 cam·

55 1503 56 1506 ¹
153 1480 297 1572 partulam
306 1479 421 1560 jugiter
434 1481 545 1560 pulset.
588 1479 762 1539 Succedunt
772 1477 883 1537 deinde
894 1477 1064 1538 deferentes

152 1561 312 1620 intortitia.
353 1558 511 1620 Postremi>
532 1559 680 1619 Sacerdos
703 1560 931 1618 Sacramentum
947 1565 1065 1638 gestans

153 1641 306 1700 elevatum
326 1646 397 1702 ante
418 1647 524 1720 pectus
547 1641 602 1700 sub
623 1639 766 1707 umbella,
784 1637 890 1700 dicens
912 1638 1064 1698 Psalmum

153 1720 303 1792 Miserere,
319 1727 351 1782 et
363 1721 439 1782 alios
459 1721 607 1789 Psalmos,
622 1727 654 1780 et
670 1719 808 1780 Cantica.
849 1716 982 1793 Quodsi
1003 1719 1063 1780 lon-

153 1801 219 1883 gius
234 1809 287 1863 aut
300 1801 455 1862 difficilius
469 1802 528 1862 iter
541 1801 712 1861 obeundum
727 1800 777 1869 sit,
789 1806 821 1860 et
834 1799 964 1859 fortasse
979 1799 1065 1860 etiam

154 1883 363 1961 equitandum,
384 1902 510 1944 necesse
535 1881 595 1942 erit
613 1900 678 1959 vas,
699 1880 730 1940 in
754 1900 814 1959 quo
839 1881 1064 1940 Sacramentum

148 1962 301 2032 defertur,
314 1967 404 2024 bursa
417 1962 563 2024 decenter
576 1967 693 2032 ornata,
705 1966 736 2021 et
750 1961 788 2021 ad
801 1960 913 2021 collum
926 1969 1065 2041 appensa,

154 2044 224 2123 apte
237 2043 405 2113 includere,
417 2050 449 2103 et
461 2045 505 2104 ita
518 2043 556 2103 ad
570 2049 678 2123 pectus
692 2041 817 2121 alligare
831 2047 924 2120 atque
938 2041 1066 2101 obstrin-

154 2141 236 2201 gere,
251 2130 286 2183 ut
307 2142 406 2202 neque
422 2122 575 2192 decidere,
589 2142 689 2202 neque
709 2121 822 2203 pyxide
837 2120 940 2182 excuti
962 2122 1065 2183 Sacra·

154 2209 291 2272 mentum
305 2208 407 2280 queat.

195 2306 372 2386 Ingrediens
395 2308 464 2367 uero
493 2307 592 2367 locam
615 2307 668 2366 obi
686 2308 770 2389 jacet
795 2307 942 2388 infirmus,
969 2308 1064 2370 dicat:

80 2394 92 2407 ’
155 2414 220 2474 Pax
239 2411 309 2473 huic
331 2412 443 2472 domui.
463 2400 501 2490 B).
523 2413 564 2473 Et
583 2413 721 2473 omnibus
745 2412 950 2474 habitantibus
970 2413 1004 2474 in
1025 2433 1066 2475 ea.
1099 2422 1103 2429 '

160 2517 236 2578 Tium
257 2517 421 2598 depositum
444 2517 669 2579 Sacramentum
687 2537 774 2597 cuper
793 2537 902 2589 mensa,
923 2520 1066 2599 supponto

157 2622 313 2706 corporali,
333 2624 505 2704 genificum
527 2623 642 2695 adorat,
665 2624 802 2684 omnibns
822 2624 856 2683 in
870 2640 979 2703 'genua
997 2638 1075 2705 pro·

122 2767 125 2773 ·
157 2730 373 2801 cambeotibm
396 2737 424 2789 et
443 2748 515 2790 mon
530 2738 647 2808 occepta
667 2749 747 2808 aqua
767 2730 925 2800 benedicta,
941 2729 1068 2808 aspergit

44 2852 49 2857 ·
156 2835 315 2914 infirmum,
330 2834 548 2906 etcubiculurn,
561 2834 659 2895 dicens
670 2834 894 2915 Antiphonem:
917 2839 1068 2918 Asperges
1109 2896 1111 2915 ,

157 2960 205 3001 me
230 2940 359 3001 Domine
383 2930 524 3021 hissopo,
549 2946 581 3001 et
604 2941 788 3002 mundabor:
816 2941 932 3002 lavabis
956 2962 1017 3015 me,
1039 2947 1070 3003 et
1109 2920 1111 3001 l

157 3045 368 3125 supernivem
389 3045 568 3130 dealbabor3
595 3050 622 3105 et
641 3046 777 3127 primum
797 3066 918 3110 versum
937 3047 1070 3120 Psalmi,
1109 3028 1111 3039 Ι

159 3150 307 3212 Miserere
318 3151 381 3210 mel
395 3147 488 3219 Deus,
501 3168 569 3210 cnm
581 3151 686 3213 Gloria
700 3152 794 3214 Patri.
823 3152 912 3214 Sicut
921 3160 999 3226 crat,
1011 3160 1070 3216 etc.

159 3253 277 3318 Deinde
295 3253 438 3335 repetitur
457 3253 580 3332 Antiati.
604 3257 756 3339 Asperges
776 3278 835 3328 me,
858 3265 918 3322 etc.
960 3259 1072 3321 Postea

198 3361 239 3440 y.
261 3358 456 3440 Adjutorium
470 3367 606 3422 nostrum
619 3361 652 3422 in
665 3339 786 3424 nomine
800 3363 933 3425 Domini.

199 3456 238 3546 ἢ.
258 3463 318 3541 Qui
337 3464 412 3528 fecit
423 3466 534 3528 coelum
548 3474 580 3530 et
592 3475 714 3532 terram.
