2234 4006
98 303 138 357 84
305 312 344 355 nn
366 313 564 357 sncmnnuro
584 313 801 359 rmurrnurrn.

99 475 166 516 rum
179 456 296 515 morbos
310 455 475 536 prudenter
491 477 608 526 curare,
622 464 654 516 et
667 463 738 537 apta
751 456 862 534 cuique
874 455 1012 515 remedia

98 536 251 618 applicare
286 535 372 605 sciat,
400 543 544 614 quantam
577 543 678 617 potest
709 536 869 596 maximam
903 535 945 597 ad
978 535 1011 595 id

98 616 257 676 scientiam
278 622 369 694 atque
389 617 590 696 prudentiam,
614 624 677 677 tum
699 615 827 676 assiduis
849 616 888 676 ad
911 616 1013 676 Deum

77 694 249 777 'precibus
275 703 339 756 tum
364 697 556 777 exprobetis
582 696 776 766 Auctoribus,
800 695 968 777 praesertim
996 696 1012 753 e

99 776 292 836 catechismo
310 777 456 846 Romano,
472 785 503 837 et
523 777 666 857 prudenti
687 777 812 838 consilio
832 775 1012 857 peritorum,

100 856 223 917 studeat
243 856 300 917 sibi
322 877 504 937 comparare.
696 905 697 909 ,
755 904 758 910 .
811 927 813 932 ¹

141 936 226 996 Sciat
247 957 334 997 casus
355 944 387 997 et
407 957 549 1000 censuras
571 937 641 997 Sedi
661 936 844 1019 Apostolicae
866 941 899 994 et
922 935 1012 995 Ordi-

100 1016 185 1076 nario
207 1018 452 1087 suo‘reservatas
468 1025 499 1078 et
520 1038 581 1077 suae
597 1018 743 1096 cujusque
766 1014 915 1077 Ecclesiae
939 1036 1010 1075 con-

100 1096 284 1167 stitutiones,
299 1118 410 1177 easque
425 1098 587 1176 diligenter
600 1100 749 1158 observet.

140 1176 258 1237 Deinde
279 1177 367 1256 hujus
389 1178 575 1239 Sacrameuti
599 1178 767 1238 doctrinam
788 1195 907 1236 omnem
929 1175 1010 1235 recte

101 1275 189 1316 nosse
201 1258 344 1328 studebit,
357 1264 388 1318 et
398 1259 457 1320 alia
468 1258 506 1320 ad
518 1259 583 1337 ejus
595 1265 708 1318 rectam
720 1255 1010 1318 administrationem

101 1338 280 1398 necessaria.
309 1340 412 1417 Atque
432 1341 464 1400 in
486 1339 542 1399 hoc
556 1337 723 1399 ministerio
745 1338 789 1399 ita
808 1336 964 1417 procedat,
979 1342 1010 1396 ut

101 1416 184 1477 infra
197 1418 411 1498 prescribitur.

349 1666 759 1695 mmmm

147 1873 260 1935 onno
292 1869 593 1933 Mrursrulrmr
626 1856 968 1932 sucnnmnuruu

399 1976 718 2037 ornumornum.
800 1964 804 1977 ’

163 2131 357 2195 Acnnnos
376 2136 415 2194 ad
435 2135 614 2195 audiendam
635 2136 855 2196 confessionem
875 2140 1010 2203 vocatus,

182 2221 349 2296 promptam
363 2213 546 2295 facilemque
561 2234 593 2274 se
614 2218 764 2296 praebeatz
786 2237 821 2275 ac
835 2216 1010 2296 priusquam

101 2296 141 2357 ad
165 2293 346 2355 audiendum
371 2294 507 2363 accedat,
529 2294 555 2354 si
578 2301 697 2377 tempus
722 2302 873 2377 suppetat,
894 2297 935 2356 ad
950 2294 1016 2363 ,boc

101 2374 302 2437 ministerium
316 2374 399 2433 recte
409 2380 574 2454 sancteque
584 2377 766 2446 obeundum,
778 2376 914 2436 divinum
928 2375 1010 2436 auxi-

102 2455 178 2517 lium
191 2455 249 2537 piis
284 2454 403 2515 recibus
418 2454 598 2534 implorabit.

142 2537 182 2595 In¹
203 2475 353 2605 Ecclesia,
366 2554 426 2594 non
441 2542 541 2596 autem
561 2535 593 2594 in
607 2536 733 2618 privatis
756 2535 870 2595 aedibus
894 2535 1010 2595 confes-

12 2632 16 2638 ·
102 2616 201 2677 siones
229 2615 343 2685 audiat,
368 2615 427 2675 nisi
452 2634 490 2675 ex
515 2636 606 2677 causa
632 2616 822 2685 rationabili3
850 2636 918 2695 quae
946 2613 1012 2674 crim

102 2697 254 2766 inciderit,
276 2696 397 2757 studeat
416 2703 518 2757 tamen
542 2697 574 2756 id
597 2696 719 2757 decenti
744 2716 779 2756 ac
803 2696 922 2776 patenti
946 2696 1011 2755 loco

123 2785 254 2838 raestare.

101 2799 121 2857 p
141 2857 261 2918 Habeat
280 2858 312 2916 in
331 2857 472 2925 Ecclesia
484 2856 594 2917 sedem
616 2856 878 2924 confessionalem,
901 2855 934 2914 in
955 2874 1014 2934 qua

101 2938 421 2998 sacrascoufessiones
436 2937 584 3019 excipiat:
606 2957 672 3016 quoe
690 2936 777 2997 sedes
798 2936 927 3015 patenti,
943 2954 1013 2994 con·

101 3017 216 3098 spicum
232 3033 263 3077 et
285 3024 354 3098 apto
375 3017 524 3078 Ecclesia
543 3018 610 3077 loco
632 3017 741 3098 posita,
757 3028 839 3076 crate
863 3016 1013 3095 perforata

100 3098 181 3158 inter
194 3096 393 3177 poenitentem
406 3103 438 3157 et
452 3098 645 3158 Sacerdotem
660 3097 700 3156 sit
713 3097 873 3157 instructa.

141 3177 367 3258 Superpelliceo
381 3184 413 3237 et
433 3178 511 3238 stola
523 3177 649 3238 violacei
670 3177 779 3238 coloris
794 3183 908 3246 utatur,
923 3181 1013 3257 prout

10 3300 13 3307 ·
100 3263 219 3338 tempus
232 3258 282 3330 rel
297 3258 432 3318 locorum
445 3259 525 3318 feret
538 3258 735 3318 cousuetudo.

139 3337 307 3408 Poeuiteus,
323 3337 346 3397 si
368 3358 443 3419 opus
464 3337 566 3408 fuerit,
581 3339 779 3398 admoneatur
793 3344 827 3399 ut
847 3356 909 3416 qua
922 3335 1011 3395 decet

99 3418 269 3479 bumilitate
281 3418 393 3479 mentis
407 3425 438 3479 et
451 3417 571 3481 habitus
584 3418 721 3488 accedat,
736 3425 768 3480 et
784 3416 872 3478 flexis
886 3415 1012 3499 genibus

6 3565 9 3569 ,
99 3499 186 3591 signo
200 3498 310 3579 Cruplo
322 3517 356 3561 ee
371 3498 496 3561 muniat.
514 3540 516 3547 ,
