2234 4006
298 288 338 328 nn
360 288 558 329 saccannnro
581 289 733 330 narniam.
935 279 971 332 15

56 448 98 488 ne
119 428 272 489 Perochus
286 430 416 498 aberret,
431 435 463 491 et
482 449 573 489 unum
589 452 643 512 pro
657 432 753 492 altero
767 436 877 501 sumat,
892 433 973 510 quod

56 529 169 569 cavere
184 510 274 569 dehet
287 509 460 591 diligenter.
555 506 560 518 '

98 589 137 648 In
162 609 199 649 ea
219 589 312 670 igitur
334 610 371 649 ex
396 591 558 669 majoribus
581 590 713 651 vasculis
738 589 918 651 Chrismatis
943 598 976 652 et

56 669 127 729 Olei
156 670 238 748 quod
267 668 398 730 sufficiat
424 670 613 740 infundatur,
641 678 733 750 atque
758 678 794 731 ut
821 670 975 732 effusionis

54 750 229 829 periculum
254 757 407 820 caveatur,
429 751 619 810 commodum
639 752 698 812 erit
722 751 753 810 in
775 752 820 812 his
841 753 974 812 vasculis

54 830 259 900 bombacium,
275 851 328 890 seu
356 831 430 910 quid
459 830 558 890 simile
585 831 702 902 habere,
730 832 805 893 Oleo
833 852 918 893 sacro
944 840 976 895 et

55 910 232 970 Chriemate
254 912 413 992 separatim
440 911 616 992 perfusum
640 913 672 970 in
693 932 753 992 quo
774 913 887 993 pollex,
907 913 975 975 cum

55 1011 136 1071 opus
151 998 208 1060 est,
225 991 262 1051 ad
284 991 492 1072 inungendum
507 992 697 1053 immittatur.

100 1072 176 1131 Haec
190 1072 314 1132 vascula
327 1071 371 1132 ita
384 1079 498 1152 parato,
513 1073 545 1131 in
560 1073 627 1132 loco
641 1071 771 1154 proprio,
787 1073 923 1143 honesto,
938 1095 973 1134 ac

55 1151 183 1220 mundo,
199 1154 254 1212 sub
269 1152 355 1212 clave
369 1172 404 1211 ac
425 1159 492 1213 tuta
506 1153 644 1212 custodia
658 1153 802 1214 decenter
816 1175 974 1214 asserven-

56 1239 119 1300 tur,
136 1251 174 1290 ne
195 1233 231 1291 ab
253 1232 355 1311 aliquo
369 1232 428 1292 nisi
450 1235 469 1292 a
491 1233 655 1293 Sacerdote
669 1234 782 1293 temere
801 1241 975 1316 tangantur,

55 1319 111 1373 aut
126 1312 170 1372 eis
185 1312 332 1393 sacrilege
347 1313 496 1394 quispiam
510 1313 593 1373 abuti
607 1314 714 1394 possit.

98 1392 421 1471 Parochus,quanti1m
436 1392 503 1453 fieri
516 1401 627 1473 potest,
640 1401 737 1464 curet,
750 1415 788 1454 ne
802 1416 856 1475 per
869 1395 973 1465 laicos,

55 1473 113 1532 sed
130 1493 185 1552 per
203 1493 247 1542 se,
264 1474 310 1532 vel
334 1494 386 1553 per
400 1473 493 1534 alium
515 1475 720 1543 Sacerdotem,
734 1476 784 1534 vel
800 1476 907 1535 saltem
922 1498 976 1557 per

55 1553 152 1612 alium
161 1553 310 1613 Ecclesiae
319 1554 489 1614 ministrum
501 1554 563 1614 hac
576 1555 651 1615 Olea
660 1555 849 1615 deferantur:
869 1565 976 1616 caveat

55 1633 131 1692 item
145 1653 182 1693 ne
194 1632 233 1692 de
247 1633 285 1692 iis
296 1634 463 1713 quidquam
477 1634 533 1713 ulli
547 1655 687 1714 umquam
702 1637 825 1706 tribuat,
839 1637 974 1714 cujusvis

57 1713 104 1772 rei
120 1719 280 1794 pretextu.

99 1794 165 1863 Sal,
187 1795 269 1873 quod
292 1793 323 1852 in
347 1814 380 1854 os
404 1797 440 1854 ba
463 1794 580 1855 tizandi
605 1795 827 1854 immittendum
854 1800 911 1862 est,
936 1794 977 1854 sit

55 1872 253 1935 benedictum
281 1894 336 1934 sua
366 1817 512 1955 peculiari
546 1875 768 1941 benedictione,
797 1893 864 1951 quae
893 1874 976 1933 infra

55 1953 281 2035 praescribitur3
302 1974 402 2032 neque
423 1960 527 2014 utatur
549 1954 613 2012 sale
631 1953 803 2013 exorcizato
823 1953 860 2013 ad
884 1956 976 2015 bene-

57 2034 224 2094 dicendum
249 2055 376 2113 aquam3
402 2034 503 2113 aitque
524 2031 606 2109 priirs
626 2033 707 2093 bend
729 2033 918 2094 confractum
944 2043 976 2096 et

57 2114 209 2184 attritum,
236 2115 350 2175 siccum
375 2135 410 2175 ae
437 2114 595 2172 mundum.
637 2114 688 2174 Sal
714 2113 757 2174 ita
781 2115 975 2174 benedictum

57 2194 173 2253 nemini
193 2195 341 2264 tradatur,
364 2214 463 2275 neque
484 2193 575 2255 etiam
599 2193 637 2253 iis
658 2195 712 2274 qui
733 2195 975 2255 benedicendum

57 2275 220 2335 attulerint
245 2275 400 2344 reddatur,
422 2275 476 2335 sed
497 2275 535 2335 ad
556 2275 631 2335 alios
652 2275 852 2357 baptizandos
873 2296 974 2336 serve-

57 2366 120 2424 tur,
136 2355 232 2416 autin
249 2355 420 2416 Sacrarium
435 2355 604 2434 abjiciatur.
856 2418 859 2427 ¹

98 2434 177 2495 cum
201 2436 294 2515 igitur
316 2435 466 2517 Baptismi
491 2437 719 2496 Sacramentum
739 2436 804 2515 jam
829 2436 973 2498 adminis-

55 2515 202 2576 trandum
214 2523 271 2586 est,
286 2517 348 2576 haec
371 2519 401 2574 in
416 2522 556 2596 promptu
571 2535 637 2575 esse
658 2516 788 2577 debent:

97 2595 227 2657 Vasculi
240 2596 319 2657 sacri
336 2595 404 2656 Olei
417 2596 721 2664 catechumenorum,
737 2602 768 2655 et
783 2596 974 2656 chrismatis.

97 2676 267 2736 vasculum
281 2696 350 2737 cum
361 2676 426 2737 sale
438 2676 657 2745 benedicendo,
666 2677 715 2736 vel
726 2677 801 2754 jam,
814 2685 847 2736 ut
859 2675 975 2736 dictum

57 2762 117 2824 cst,
133 2756 304 2816 benedicto.
740 2757 741 2761 ’

97 2837 278 2906 Vasculum,
299 2857 351 2897 seu
372 2837 530 2898 cochleare
550 2855 587 2895 ex
609 2841 744 2928 argento,
760 2835 808 2894 vel
832 2836 891 2895 alio
912 2857 974 2896 me-

56 2917 146 2985 tallo,
162 2917 304 2987 nitidum,
319 2917 356 2977 ad
379 2937 487 2996 aquam
507 2914 658 2996 Baptismr
677 2915 862 2976 fundendam
884 2937 976 2998 supra

58 3004 153 3077 caput
183 2998 376 3079 baptizandi,
411 2997 493 3078 quod
527 2994 606 3056 nulli
639 2998 786 3077 praterea
820 2996 872 3056 alii
906 2999 975 3058 usui

58 3076 224 3139 deserviat.
745 3114 748 3123 2

96 3157 214 3227 Pelvio,
230 3177 282 3217 seu
304 3157 402 3218 bacile
416 3156 455 3219 ad
476 3156 685 3237 excipiendam
699 3176 808 3234 aquam
823 3177 860 3217 ex
875 3157 974 3238 capite

58 3236 256 3307 defluentem,
270 3238 330 3298 nisi
345 3238 447 3298 statim
461 3237 494 3296 in
509 3237 679 3298 Sacrarium
694 3235 819 3297 defluat.

97 3318 288 3399 Gessipium·
297 3318 357 3380 alio
367 3317 488 3377 nomine
501 3317 698 3386 bombaoium,
709 3337 761 3377 seu
774 3318 849 3396 quid
863 3318 973 3387 simile,

56 3397 95 3459 ad
109 3399 313 3482 abstergenda
327 3399 394 3461 loca
407 3397 502 3460 sacris
517 3399 601 3460 Oleio
614 3399 750 3459 inuncta.
