2234 4006
401 341 533 403 arrpauu
554 341 712 384 corsuum.
995 332 1015 387 7

103 500 175 560 quae
199 481 238 542 ad
272 481 356 542 illius
389 482 515 544 formam
531 483 534 488 ’
550 489 583 543 et
614 481 815 544 ministerium
848 481 1013 562 pertinent,

102 563 230 632 attente,
252 562 408 633 distincte,
429 572 462 625 et
488 563 549 657 pie,
570 569 661 642 atque
685 563 767 624 clara
785 582 860 623 voce
882 583 1013 643 pronun·
1046 594 1054 603 ·

101 642 202 703 tiabit.
243 642 389 703 Similiter
409 650 441 704 et
460 644 536 705 alias
556 644 706 705 orationes
727 651 758 704 et
777 663 883 724 preces
905 644 1014 705 devote

101 743 138 783 ac
153 722 293 803 religiosd
306 721 406 794 dicet3
420 743 476 786 nec
491 723 650 794 memoriae,
665 744 732 803 quae
745 724 924 816 plerumque
939 725 1013 786 labi·

100 810 165 872 tur,
192 803 282 864 facile
312 803 465 876 confidet;
490 805 544 865 sed
569 804 669 865 omnia
693 803 834 865 recitabit
861 824 898 865 ex
926 805 1014 867 libro.

102 883 252 963 Reliquas
272 886 420 965 pretereat
441 885 633 946 caeremonias
651 904 687 947 ac
709 885 786 945 ritus
806 884 850 945 ita
869 885 1015 946 decenter

100 964 247 1044 gravique
274 964 394 1026 actione
413 973 547 1046 peraget,
569 971 604 1025 ut
622 972 756 1026 astantes
779 964 818 1025 ad
842 965 1013 1027 coelestium

102 1064 206 1105 rernm
220 1045 431 1139 captationem
449 1046 555 1127 erigat,
569 1054 602 1107 et
615 1053 747 1107 attentos
761 1044 880 1106 reddat.
967 1118 968 1122 Ἰ

143 1120 194 1185 Ad
208 1124 440 1187 ministrandum
460 1127 639 1207 procedens,
653 1126 712 1202 rei,
723 1145 813 1218 quam
827 1130 1012 1187 tractaturus

101 1212 162 1276 est,
176 1205 312 1266 intentus
326 1206 377 1276 sit,
392 1226 448 1268 nec
469 1207 508 1268 de
527 1206 577 1278 iis,
592 1226 660 1286 quae
675 1207 714 1267 ad
733 1225 830 1287 ipsam
844 1225 903 1266 non
918 1207 1010 1286 perti-

100 1292 189 1355 nent,
216 1285 383 1366 quidquam
408 1307 476 1347 cum
503 1287 563 1348 alio
590 1286 800 1366 colloquatur3
827 1286 860 1347 in
886 1285 1012 1367 ipsaque

101 1365 363 1427 administratione
382 1367 532 1428 actualem
546 1367 744 1428 attentionem
757 1366 867 1428 habere
880 1368 1012 1439 studeat,

100 1447 151 1507 vel
164 1446 272 1506 saltem
282 1447 454 1519 virtualem,
470 1467 538 1509 curn
552 1447 720 1510 intentione
734 1447 866 1508 faciendi
884 1449 965 1528 quod
979 1449 1012 1508 in

101 1546 137 1588 eo
152 1525 229 1588 facit
240 1527 390 1588 Ecclesia.

141 1606 225 1666 lllud
239 1606 329 1688 porrd
344 1607 506 1700 diligenter
520 1613 636 1678 caveat,
650 1628 689 1669 ne
703 1607 735 1668 in
750 1609 1012 1669 Sacramentorum

100 1687 362 1748 administratione
376 1689 492 1768 aliquid
505 1689 612 1782 quavis
626 1689 665 1751 de
679 1708 770 1750 causa
780 1688 830 1747 vel
842 1689 1011 1758 occasione,

100 1768 218 1828 directe
231 1769 280 1829 vel
295 1767 454 1839 indirecte,
474 1776 586 1850 exigat,
600 1776 654 1829 aut
673 1775 774 1848 petat3
795 1767 850 1826 sed
870 1787 906 1827 ea
918 1770 1012 1848 gratis

100 1847 267 1919 ministret,
287 1855 319 1910 et
336 1849 472 1911 cbomni
488 1848 629 1909 Simonias
648 1857 740 1927 atque
759 1845 892 1906 avaritiae
914 1849 1012 1927 sospi-

100 1928 200 1999 cione,
215 1929 326 1989 nedum
338 1928 475 1999 crimine,
490 1926 664 2009 longissime
677 1927 766 1988 absit.
807 1924 924 2005 Siquid
937 1930 1010 1989 verd

99 2009 222 2069 nomine
246 2009 458 2092 ele'e'mosynae,
489 2015 542 2070 aut
569 2007 737 2068 devotionis
759 2005 870 2078 studio,
890 2017 1013 2090 peracto

96 2089 161 2169 jam
182 2090 388 2160 sacramento,
403 2089 511 2171 sponte
525 2091 544 2148 a
559 2088 699 2149 lidelibus
713 2089 866 2158 offeratur,
881 2089 913 2150 id
928 2089 1012 2150 licite

100 2191 155 2249 pro
174 2170 393 2232 consuetudine
408 2171 542 2231 locorum
562 2168 700 2250 accipere
713 2168 836 2250 poterit,
850 2168 909 2230 nisi
923 2171 1012 2232 aliter

99 2249 212 2330 Episco
264 2251 415 2313 videatur.
1104 2320 1111 2331 ι

141 2330 216 2390 Fide
231 2330 297 2391 ibus
323 2330 432 2392 alienae
455 2329 604 2411 parochie
625 2329 821 2392 Sacramenta
840 2350 901 2392 non
922 2331 1010 2392 mini-

98 2410 219 2480 strabit,
234 2411 292 2470 nisi
313 2410 504 2472 necessitatis
525 2430 627 2481 causa,
641 2410 690 2470 vel
712 2410 751 2471 de
771 2411 896 2473 licentia
917 2412 1010 2473 Paro·

98 2490 160 2560 chi,
175 2511 228 2551 seu
243 2491 407 2552 Ordinarii.

139 2572 252 2631 Omnes
273 2582 385 2642 autern,
406 2570 459 2652 qui
480 2571 676 2633 Sacramenta
695 2571 877 2653 suscipiunt,
891 2570 958 2631 loco
979 2578 1011 2633 et

96 2658 234 2732 tempore
258 2659 425 2744 opportuno
447 2650 592 2720 monebit,
612 2656 648 2710 ut
667 2659 781 2712 remoto
806 2650 888 2711 inani
916 2651 1010 2711 collo·

97 2733 182 2811 quio,
197 2740 229 2793 et
239 2733 340 2792 habitu
355 2739 486 2812 actuque
496 2730 662 2800 indecenti,
671 2732 721 2813 pie
734 2753 769 2792 ac
779 2731 887 2792 devote
902 2731 1009 2793 Sacra·

96 2812 209 2873 mentia
230 2812 383 2884 intersint,
399 2819 430 2873 et
449 2833 485 2874 ea
505 2832 566 2893 qua
585 2831 640 2892 par
658 2820 706 2873 est
719 2811 890 2873 reverentia
910 2813 1008 2874 susci·

119 2894 195 2954 iant.

97 2914 117 2974 p
136 2975 265 3034 Librum
291 2973 372 3032 hunc
399 2971 555 3034 Ritualem
583 2970 646 3050 (nbi
666 2990 742 3052 opus
762 2969 867 3052 fuerit)
890 2992 1009 3054 semper

96 3052 164 3114 cirrn
185 3053 370 3114 ministrabit
388 3072 491 3112 secum
512 3052 643 3122 babebit,
657 3053 794 3130 ritusque
816 3059 847 3113 et
864 3073 1007 3115 ceremo-

94 3133 161 3196 nias
176 3134 208 3194 in
223 3154 258 3194 eo
272 3133 462 3215 praescriptas
477 3132 640 3214 diligenter
655 3132 796 3194 servabit.

136 3213 280 3276 ceterum
302 3213 423 3274 illorum
446 3211 562 3273 tantum
584 3213 857 3282 Sacramentorum,
878 3233 1006 3293 quorum

97 3294 321 3355 administratio
339 3294 378 3355 ad
399 3293 551 3354 Perochos
574 3294 717 3374 pertinet,
738 3293 814 3354 ritus
842 3293 898 3354 hoc
919 3316 1009 3376 opere

94 3375 349 3456 prescribantur3
371 3372 540 3454 cujusmodi
560 3380 632 3434 aunt
651 3375 836 3456 Baptismus,
851 3375 1006 3436 Poeniten·

96 3456 147 3527 tia,
169 3455 373 3526 Eucharistia,
391 3455 536 3515 Extrema
562 3453 677 3526 unctio,
706 3461 738 3516 et
764 3454 1004 3515 Matrimonium.

95 3536 226 3618 Reliqua
261 3535 334 3598 verd
368 3532 429 3598 d'uo
464 3535 659 3598 Sacramenta
694 3533 939 3598 confirmationis
973 3541 1006 3597 et
