2206 4004
14 272 20 299 '
144 270 203 330 116
362 292 366 304 ι
431 286 470 329 os
491 285 782 329 srnrorcrroumos.

94 438 97 443 '
140 435 195 492 tua
214 427 368 513 mysteriis
392 429 454 492 tuis
475 429 623 501 semisse,
648 428 688 491 ad
711 425 877 511 abigendos
901 427 1054 499 demones,

141 539 321 616 morbosque
341 535 513 617 pellendos,
527 533 765 625 divinaelgratiae
782 540 884 596 sumat
903 533 1053 597 effectum:

140 649 177 704 ut
186 641 337 721 quidquid
349 640 381 701 in
393 642 543 712 domibus,
553 642 601 701 vel
618 641 649 701 in
662 624 738 701 locis
751 639 889 701 fidelium
901 640 968 702 haec
979 640 1054 702 unda

94 769 97 772 ·
140 747 331 828 resperserit,
344 753 448 809 careat
461 747 543 808 omni
556 745 761 816 immunditia,
772 745 921 807 liberetur
933 746 953 805 al
963 765 1053 809 noxa:

140 871 202 913 non
215 851 281 912 illic
295 851 428 914 resideat
442 851 566 933 spiritus
586 850 746 933 pestilens,
760 869 822 911 nou
836 869 912 911 aura
925 869 1051 912 corrum-

139 976 233 1038 pens:
255 957 417 1020 discedant
430 978 534 1019 omnes
548 956 666 1017 insidias
686 953 962 1020 lateatisinimicir
984 963 1015 1018 et
1030 955 1051 1017 si

14 1062 36 1105 ὖ
139 1063 294 1153 quidest,
317 1064 399 1145 quod
420 1069 474 1126 aut
497 1061 701 1125 incolumitati
720 1061 920 1128 habitantium
941 1059 1051 1122 invidet

138 1175 193 1230 aut
213 1169 321 1260 quieti,
341 1167 516 1253 aspersione
535 1168 625 1250 hujus
645 1156 730 1248 aque
752 1165 894 1246 effugiat:
921 1173 957 1229 ut
976 1166 1049 1229 salu·

47 1260 50 1268 ¹
138 1274 233 1337 britas
254 1295 309 1357 per
329 1274 552 1353 invocationem
573 1272 672 1335 sancti
692 1272 738 1334 tui
758 1271 891 1333 nominis
913 1271 1048 1355 expetita,

46 1402 47 1405 ¹
138 1382 175 1441 ab
200 1381 338 1443 omnibus
363 1383 404 1445 sit
427 1380 704 1471 impugnationibus
727 1368 864 1442 defensa
905 1378 967 1441 Per
993 1381 1048 1442 Do·

76 1567 78 1570 ¹
136 1483 262 1546 minum.

176 1591 237 1652 Hic
250 1595 295 1652 ter
304 1592 395 1652 mittit
407 1550 480 1650 sul
467 1611 501 1652 ure
516 1593 664 1671 squamis
677 1594 789 1652 modum
802 1586 917 1663 Crucis,
933 1578 1047 1652 dicendo

88 1760 91 1765 ,
135 1697 244 1758 semel:
267 1697 429 1758 Oommixt
407 1696 674 1777 trosalisetaquae
688 1692 910 1778 pariterfiat,
888 1697 1046 1759 rnnomiue

134 1801 297 1876 Paffltris,
313 1808 345 1866 et
358 1802 394 1864 Fi
404 1802 492 1878 mlii,
505 1808 537 1864 et
551 1796 683 1884 Spiritus
695 1813 731 1885 ff(
741 1801 850 1865 sancti.
881 1807 922 1885 Β).
943 1805 1045 1865 Amen.

172 1907 214 1987 y?-
235 1907 386 1973 Dominus
405 1909 571 1971 vobiscum.

172 2008 212 2094 ld.
232 2017 274 2078 Et
289 2036 359 2078 cum
375 2016 484 2097 spiritu
498 2021 562 2077 tuo.
610 2013 612 2018 ’

231 2191 356 2234 ossnus
765 2162 767 2166 ⁴
828 2192 951 2237 onemo.
1005 2156 1010 2160 ’

130 2297 358 2475 ΒΕΙῙΒ..
339 2323 464 2386 invictae
488 2310 612 2386 virtutis
638 2332 759 2398 auctor,
781 2331 814 2388 et
835 2286 1043 2413 insuperabilis

241 2429 360 2511 rmperir
351 2429 450 2501 Rex,
462 2450 498 2491 ac
510 2448 628 2515 semper
639 2431 819 2513 magnificus
830 2433 1041 2516 triumphator

129 2539 183 2623 qui
204 2539 339 2603 adversae
355 2536 664 2600 dominationisvircs
678 2537 835 2621 reprimis:
858 2541 917 2620 qui
928 2539 1042 2603 inimici

128 2647 277 2730 rugientis
306 2644 455 2707 saevitiam
483 2662 625 2727 superas:
661 2644 715 2725 qui
740 2644 867 2708 hostiles
893 2646 1041 2728 nequitias

127 2761 268 2836 potenter
280 2771 453 2835 expugnare
474 2757 505 2812 te
517 2750 657 2822 Domine,
669 2757 834 2813 trementes
846 2756 878 2813 et
891 2748 1041 2836 supplices

127 2860 337 2941 deprecamur,
351 2880 387 2921 ac
408 2857 560 2940 petimus;
582 2863 618 2918 ut
637 2856 715 2918 hanc
730 2864 900 2919 creaturam
920 2859 993 2920 salis
1012 2866 1042 2920 et

127 2985 215 3046 aquae
239 2964 400 3046 dignanter
420 2963 561 3048 aspicias,
582 2961 731 3045 benignus
751 2962 901 3035 illustres,
921 2963 1044 3053 pietatis*

126 3076 189 3132 tuae
203 3069 271 3131 rore
285 3068 475 3131 sanctifices:
495 3073 531 3128 ut
544 3068 728 3147 ubicumque
738 3068 833 3132 fuerit
845 3087 980 3151 aspersa,
990 3089 1040 3153 per

125 3174 346 3238 invocationem
362 3172 461 3234 sancti
480 3172 611 3233 nominis
626 3173 682 3244 tui,
696 3173 794 3236 omnis
811 3175 967 3239 infestatio
986 3177 1038 3238 im·

126 3280 234 3343 mundi
254 3277 379 3361 spiritus
393 3277 541 3358 abigatur,
555 3282 714 3358 terrorque
728 3281 874 3342 venenosi
893 3281 1038 3364 serpentis

33 3369 53 3455 ,ἲ
125 3385 233 3470 procul
256 3383 407 3465 pellatur:
432 3387 464 3442 et
486 3383 650 3463 praesentia
674 3385 771 3448 sancti
797 3386 931 3468 Spiritus
956 3388 1037 3450 nobis

125 3489 363 3557 misericordiam
382 3493 466 3568 tuam
485 3489 692 3571 poscentibus,
711 3491 824 3573 ubique
844 3493 954 3557 edesse
973 3493 1035 3590 dig·

581 3642 588 3673 l
