2206 4004
157 278 196 340 76
362 294 439 339 onoc
460 282 733 349 conunrnsr'rorcrs
752 294 869 338 anua.

74 501 76 506 ,
154 438 249 509 furor,
265 438 328 499 sire
347 437 449 499 fervor
461 438 535 509 mali
551 424 706 500 desiderii.
747 437 838 500 Inicit
859 436 940 498 onim
959 454 1052 519 pecca·

153 544 243 615 verit,
258 549 359 606 tamen
379 546 512 615 Patrem,
527 554 559 610 et
578 545 701 616 Filium,
716 551 748 606 ct
769 543 916 627 Spiritum
930 549 1052 604 sanctum
1095 596 1098 609 ,

153 668 214 710 non
228 649 361 730 negavit,
375 652 429 712 scd
448 651 590 723 credidit,
605 661 636 713 et
657 651 760 715 zelum
774 650 833 712 Dci
853 651 887 711 in
901 671 934 711 so
954 648 1054 715 habuit,

142 762 185 817 ct
204 756 313 828 Deum,
329 757 382 836 qui
396 757 471 819 fecit
489 758 599 829 omnia,
614 756 747 819 fideliter
759 756 908 819 adoravit.

549 955 670 998 ORATIO.

227 1085 388 1148 ELICTA
405 1089 588 1168 juventutis,
604 1094 635 1149 ct
650 1087 837 1170 ignorantias
852 1087 930 1168 ejus,
946 1104 1055 1167 quaesu·

246 1213 324 1264 mus,
352 1215 391 1256 ne
419 1195 591 1278 memineris
626 1194 775 1283 Dominsz
810 1195 864 1254 sed
900 1190 1055 1254 secundini

35 1377 36 1380 Ἴ
150 1317 289 1380 magnam
316 1300 553 1361 misericordiam
580 1306 662 1360 tuam
689 1319 804 1360 memor
828 1303 895 1359 esto
921 1298 1005 1358 illius
1030 1296 1055 1355 in

149 1402 245 1482 gloria
259 1400 414 1464 charitatis
429 1411 498 1465 tuas.
539 1405 726 1483 Aperiantur
739 1404 767 1465 ei
782 1403 868 1484 coeli,
876 1394 1057 1465 collaetentur

149 1506 195 1566 illi
211 1508 334 1588 Angeli.
375 1511 413 1568 In
434 1530 561 1590 ragnum
579 1516 665 1570 tuum
687 1501 816 1570 Donrine
837 1528 959 1569 serrum
980 1517 1056 1570 tunm

42 1640 44 1644 ·
149 1611 279 1695 suscipe.
319 1614 472 1696 Spscipiat
485 1636 554 1675 eum
569 1622 693 1676 sanctus
707 1614 840 1676 Michalil
853 1614 1057 1696 Archangelus

150 1719 219 1790 Dei,
229 1719 281 1799 qui
294 1719 408 1781 militiae
419 1720 552 1781 coelestis
564 1723 674 1782 meruit
684 1721 898 1802 principatum.
931 1720 1056 1799 Vcniant

147 1825 196 1898 illi
216 1827 333 1887 obviam
355 1827 453 1888 sancti
475 1826 587 1908 Angeli
609 1827 678 1898 Dei,
700 1832 732 1888 et
751 1826 923 1908 perducant
942 1846 1011 1886 curn
1029 1824 1056 1884 in
1092 1844 1095 1853 ·

148 1931 304 1993 civitatem
318 1933 668 1994 coelestemlcrusalern.
707 1931 946 2021 Suscipiatcum
958 1934 1057 1994 beatus
1088 2000 1099 2025 Ι,

148 2037 257 2117 Petrus
273 2040 449 2118 Apostolus,
463 2039 511 2098 cui
528 2041 546 2098 ὰ
561 2041 626 2099 Deo
641 2037 839 2119 clavesrogni
853 2038 989 2099 c'oelcstis
1002 2043 1057 2098 tra·

148 2139 221 2201 ditae
242 2150 325 2205 sunt.
367 2144 504 2223 Adjuvct
524 2164 593 2204 curn
611 2150 735 2205 sanctus
755 2144 870 2205 Paulus
885 2129 1057 2224 Apostolus,

144 2245 201 2325 'qui
215 2247 325 2327 dignus
339 2247 398 2307 suit
412 2268 479 2308 esse
490 2268 542 2308 vas
558 2249 727 2310 electionis.
767 2247 947 2310 Intercedat
959 2240 1013 2330 pro
1026 2266 1056 2308 co

147 2354 271 2436 sanctus
292 2349 424 2408 Joannes
448 2348 564 2409 clectus
586 2349 843 2432 Dci'Apostclus‚
858 2349 908 2410 cui
929 2349 1057 2410 revelata

146 2461 219 2513 sunt
244 2460 361 2515 secreta
384 2454 531 2515 coelestia.
572 2455 668 2516 Orcnt
694 2477 748 2537 pro
772 2475 807 2515 eo
835 2474 940 2516 omnes
960 2452 1057 2532 ,sancti
1094 2506 1097 2513 .

146 2561 298 2645 Apostoli,
314 2560 458 2640 quibust
478 2550 616 2621 Domino'
631 2562 702 2622 data
724 2567 772 2622 cst
792 2565 927 2642 potestas
948 2558 1057 2642 ligandi

146 2674 238 2748 atquo
258 2667 407 2730 solvendi.
449 2667 648 2746 Intercedant
668 2688 722 2748 pro
737 2687 772 2729 eo
786 2665 891 2728 ornnes
912 2665 1018 2728 Sancti
1031 2673 1057 2752 ct

146 2774 236 2834 el'ecti
257 2774 326 2845 Dei,
347 2774 399 2854 qui
423 2795 478 2855 pro
500 2774 615 2835 Christi
636 2774 757 2836 nomine
779 2768 931 2836 tornicnta
952 2774 985 2835 in
1005 2773 1056 2834 hoc

146 2881 258 2940 saeculo
280 2882 509 2942 sustinuerunt:
531 2887 567 2942 ut
580 2876 712 2943 vinculis
735 2880 835 2942 carnis
858 2886 1057 2961 exutus,per·
1099 2948 1101 2953 ¹

144 2985 248 3046 venire
263 2994 413 3049 mereatur
427 2988 466 3047 ad
489 2975 616 3068 gloriam
630 2987 715 3068 regni
730 2987 876 3057 coelestis,
897 2982 1057 3070 praestante

145 3092 275 3152 Domino
286 3100 389 3152 nostro
400 3093 473 3153 Jcsu
486 3093 625 3153 Christo:
648 3093 708 3168 Qui
719 3093 891 3155 cum‘Patre
901 3098 934 3154 et
945 3091 1054 3175 spirita
1099 3150 1101 3156 .

144 3204 249 3259 sancto
262 3197 338 3257 vivit
350 3203 381 3257 ct
392 3202 499 3275 regnat
512 3198 544 3285 ip
556 3198 667 3259 saccula
678 3200 867 3280 soecnlorum.
888 3187 928 3275 Β).
950 3201 1053 3260 Amen.

175 3319 203 3368 Si
213 3318 273 3367 vero
282 3316 377 3381 diutins
387 3316 481 3365 laboret
488 3316 577 3376 anima,
586 3318 676 3382 poterit
685 3319 736 3386 legi
744 3333 819 3386 super
826 3332 884 3368 enm
894 3317 1056 3386 Evangelinm

143 3381 347 3434 sanctiJoannis.
379 3380 451 3430 Jooc.
464 3385 501 3429 17.
545 3406 548 3414 ·
899 3420 902 3427 .

178 3483 355 3565 ¹Sublevatis
370 3483 467 3545 oculis
481 3484 513 3546 in
528 3487 639 3548 coelum
653 3488 742 3552 Jesus
757 3487 846 3558 dixit,
861 3493 921 3551 etc.
