2206 4004
314 318 354 359 on
369 316 576 360 -sscnsanaro
597 316 749 361 nsrrrssu.
950 303 988 357 25

116 459 197 521 Tam
211 459 358 518 bombasio
369 467 420 518 out
433 478 464 518 rc
477 459 574 519 simili
595 458 739 536 abstergit
755 453 896 536 pollicem
909 474 992 515 suum

76 565 228 626 stlocum
253 564 413 634 inunctam,
440 572 467 624 ct
491 565 613 642 imponit
638 562 728 642 copiti
752 561 817 641 ejus
839 560 991 622 linteolum

77 670 235 730 condidam
256 668 319 730 loco
336 669 427 730 vestie
447 667 531 739 alde,
547 669 668 729 diceus:

113 774 235 857 Accipe
248 781 365 835 vestem
383 774 555 846 candidam,
570 795 661 855 quam
680 776 904 839 immaculatam
923 797 992 858 per-

77 882 154 942 ieras
179 888 253 942 ante
279 880 413 941 tribunal
439 881 561 941 Domini
586 883 682 946 nostri
709 885 782 945 Jesu
807 884 933 954 Christi,
958 891 993 944 ut

79 987 184 1048 habeas
199 985 295 1046 vitam
310 982 462 1045 aeternam.
483 970 513 1058 id
534 987 643 1047 Amen.

117 1091 230 1151 Postea
244 1094 249 1105 ’
262 1089 315 1150 dot
348 1089 384 1160 ei,
412 1089 461 1149 vel
490 1091 627 1161 Patriae,
656 1092 804 1154 candelam
834 1112 992 1163 accensam,

83 1200 200 1258 dicens:

118 1304 237 1386 Accipe
263 1301 436 1384 lampadem
463 1302 631 1373 ardentem,
661 1311 693 1365 et
719 1305 992 1388 irreprehensibilis

84 1409 204 1471 custodi
230 1408 429 1495 Baptismum'
446 1414 531 1468 tuum
544 1428 562 1470 z.
580 1428 669 1470 serva
696 1410 755 1471 Dei
783 1411 934 1483 mandata,
960 1420 995 1473 ut

86 1512 147 1574 ciuu
168 1513 318 1575 Dominus
333 1511 453 1574 venerit
468 1513 506 1573 ad
527 1513 659 1595 nuptias,
674 1515 771 1596 possis
792 1536 951 1577 occurrere
965 1516 994 1577 ei

87 1615 144 1672 uni
162 1634 232 1675 cum
246 1611 384 1673 omnibus
408 1612 529 1673 Sanctis
547 1611 581 1674 in
595 1615 666 1675 aula
679 1615 809 1686 coelesti,
824 1617 994 1696 habeasque

90 1718 174 1781 vitam
199 1725 357 1789 aeternam,
383 1724 414 1779 et
437 1717 522 1780 vivas
549 1717 582 1778 in
607 1713 721 1781 saecula
745 1721 934 1782 saeculorum.
955 1701 994 1787 Bi

95 1826 192 1890 hnen.

124 1934 272 2001 Postremo
301 1932 395 1993 dicit:
430 1931 516 1993 Vade
543 1932 575 1990 in
602 1951 688 2013 pace,
717 1937 748 1991 et
779 1930 928 1991 Dominus
955 1931 996 1993 sit

97 2042 191 2100 tecum.
211 2022 242 2111 B)
262 2039 373 2099 Amen.

128 2172 156 2233 si
167 2172 241 2234 vero
254 2171 371 2252 fuerint
383 2171 486 2252 plures
500 2168 687 2251 baptizandi,
702 2169 765 2230 sive
779 2170 918 2243 masculi,
930 2171 994 2233 sive

99 2248 212 2325 temne,
225 2252 259 2312 in
280 2251 471 2313 catechismo
491 2251 619 2313 masculi
640 2256 812 2313 statuantur
829 2252 867 2312 ad
888 2252 994 2313 dexte·

98 2348 158 2405 nm,
183 2333 305 2395 femina
330 2330 402 2392 verd
430 2331 469 2392 ad
503 2330 667 2401 sinistram,
695 2340 728 2393 et
754 2332 855 2393 omnia
881 2333 995 2413 pariter

98 2410 224 2487 dicontur
237 2420 274 2475 ut
294 2408 388 2493 supra
407 2411 438 2472 in
455 2410 573 2504 proprio
592 2432 713 2506 genere,
728 2418 760 2474 et
779 2431 904 2473 numero
925 2414 994 2494 plu-

97 2492 151 2555 rui.
189 2490 305 2557 virum
325 2492 422 2573 prima
442 2492 572 2553 nommis
592 2492 798 2572 interrogatio,
813 2491 994 2564 exsufflatio,

97 2570 192 2636 Crucis
212 2572 382 2656 impressio,
396 2593 448 2634 seu
471 2572 609 2653 signatio,
629 2580 731 2633 tactus
750 2573 867 2633 aurium
889 2580 921 2633 et
940 2592 995 2634 na·

95 2652 160 2715 rium
173 2674 243 2716 cum
258 2653 364 2723 saliva,
378 2653 649 2714 abrenuntiationis
668 2653 765 2715 interr
821 2653 874 2721 tio,
890 2652 995 2714 unctio

96 2733 149 2796 Diei
166 2733 471 2804 catechumenorum,
485 2733 680 2826 interrogatio
694 2732 733 2793 de
746 2733 782 2792 lu
805 2753 822 2793 e
836 2752 888 2793 seu
905 2733 926 2792 S
949 2754 994 2794 m-

95 2813 161 2886 holo,
176 2823 207 2876 et
220 2815 286 2897 ipse
300 2813 486 2895 Baptismus
500 2813 636 2875 inunctio
651 2811 842 2884 Chrismatis,
857 2833 913 2874 can
936 2813 995 2874 idae

95 2897 176 2957 restis
195 2894 360 2977 impositio,
373 2901 466 2975 atque
479 2912 614 2955 accensa
629 2892 763 2954 candele
782 2892 916 2966 traditio,
932 2895 994 2955 sin-

95 2977 228 3114 priariter
242 2974 382 3057 singulis,
393 2985 426 3036 et
437 2973 564 3056 primhm
579 2973 732 3044 masculis,
748 2972 859 3036 deinde
872 2975 994 3038 feminis

112 3057 151 3117 eri
164 3057 289 3118 dehent.

125 3137 156 3198 Si
169 3136 284 3206 infans,
295 3135 345 3194 vel
360 3134 482 3196 adultus
493 3141 621 3216 aegrotus
635 3133 711 3195 oded
722 3134 854 3215 graviter
867 3137 994 3206 laboret,

94 3222 122 3276 ut
138 3216 308 3299 periculum
327 3214 483 3276 immineat
501 3234 541 3276 nc
562 3223 676 3296 pereat,
691 3223 853 3295 antequam
872 3216 994 3296 Baptis-

94 3311 150 3358 mus
176 3296 364 3379 perficiatur,
390 3294 537 3356 Sacerdos
564 3295 682 3356 omissis
709 3316 776 3375 quae
803 3297 993 3378 Baptismum

94 3379 270 3454 praecedunt,
284 3396 353 3438 euru
373 3374 520 3456 baptizet,
535 3381 582 3436 ter
595 3375 645 3436 vel
665 3375 756 3438 etiam
777 3378 869 3437 semel
890 3376 993 3437 infun·

94 3454 159 3521 deus
181 3477 293 3540 aquam
324 3476 415 3537 super
442 3462 533 3537 caput
566 3456 631 3535 ejus
658 3456 690 3517 in
716 3457 839 3517 modum
872 3456 993 3525 Crucis,

201 3570 219 3625 8
