2234 4006
98 273 138 326 22
341 283 380 324 os
402 282 598 323 socruursro
619 282 766 322 osrrrsrrr.

98 426 156 487 Dei
177 427 220 487 N.
240 424 321 505 quod
344 423 491 483 Dominus
516 428 618 483 noster
638 423 677 483 ud
698 423 846 503 templum
868 429 1006 483 sancium

97 552 185 593 suum
200 550 309 590 vocare
327 529 548 610 dignatusest:
570 527 837 609 utfiuttemplum
861 527 964 587 Dei
936 528 1007 597 vrri,

97 647 129 699 et
146 636 276 716 Spiritus
291 643 378 696 sanct
378 656 413 695 us
365 634 561 696 thabitet
553 655 586 694 ru
600 655 646 696 eo
673 634 734 695 Per
750 634 889 694 eumdem
904 633 1008 695 Chris-

97 752 161 804 tum
189 741 352 803 Dominum
376 747 445 801 nost
446 761 523 810 rum,
548 740 601 819 qui
624 746 770 800 venturus
799 746 846 799 est
869 718 1008 818 judicare

97 867 182 907 vivos
196 854 228 908 et
241 854 384 917 mortuos
399 853 431 907 et
418 846 587 907 saeculum
601 867 654 926 per
667 866 778 927 ignem
797 824 836 912 Β).
858 848 971 906 Amen

137 952 250 1011 Postea
267 952 408 1013 Sacerdos
423 951 520 1030 dig-ito
535 952 662 1030 accipiat
676 954 711 1010 de
725 952 823 1010 saliua
836 953 897 1009 oris
911 953 968 1021 oui,
984 957 1010 1010 ei

98 1064 204 1136 tangat
224 1076 310 1117 aureo
331 1061 358 1117 et
376 1076 463 1117 nares
484 1056 631 1138 infantis.-
653 1060 799 1133 tangendo
820 1059 889 1117 uero
911 1076 1011 1116 aurem

98 1150 250 1223 desieram
263 1167 290 1222 et
303 1163 467 1232 sinisiram,
483 1162 579 1221 dicat:

137 1268 302 1349 Ephpheta,
338 1268 420 1348 quod
453 1274 510 1337 est,
546 1266 731 1349 Adsperire:
771 1268 874 1327 deinde
909 1269 1011 1346 tangit

97 1392 196 1443 nares,
211 1374 329 1433 dicens:
354 1373 392 1433 In
415 1374 536 1434 odorem
557 1372 724 1433 suavitatis.
746 1373 795 1432 Tu
810 1380 912 1433 autem
936 1374 1010 1433 effu-

98 1498 169 1558 gare
189 1478 318 1549 diabole,
332 1478 584 1560 appropinquabit
598 1478 678 1538 enim
695 1477 845 1557 judicium
860 1479 930 1539 Dei.

138 1583 248 1644 Posteri
268 1585 433 1663 interrogat
453 1585 662 1663 baptizandum
681 1584 852 1644 nominatim
873 1585 1014 1644 dicensi*

99 1691 142 1751 N.
156 1689 361 1750 Abrenuntias
375 1690 508 1750 satanae?

137 1796 305 1876 Respondet
317 1795 479 1855 Patribus:
501 1796 701 1858 Abrenuntio.

137 1903 180 1963 Et
193 1901 329 1963 omnibus
344 1900 483 1984 operibus
497 1902 585 1981 ejus?
606 1881 644 1969 R).
667 1903 868 1962 Abrenuntio.

137 2006 180 2066 Et
196 2007 333 2067 omnibus
349 2006 466 2087 pompis
480 2007 568 2086 ejus?
588 1988 627 2077 lb.
648 2007 849 2067 Abreuuntio.

138 2108 254 2183 Deinde
270 2110 412 2170 Sacerdos
430 2112 558 2187 intingit
570 2112 704 2188 pollicem
720 2113 753 2170 io
770 2111 842 2170 Oleo
865 2112 1013 2173 Gatechu-

98 2233 256 2284 menarum,
271 2216 299 2272 et
311 2214 452 2293 insontem
465 2213 556 2292 ungit
566 2215 598 2272 in
606 2222 723 2293 pectore
737 2220 765 2275 et
783 2218 861 2276 inter
874 2221 1014 2298 scopulos

98 2321 132 2380 io
145 2319 261 2379 modum
279 2316 393 2389 Crucis,
408 2318 525 2391 dicens:
747 2392 751 2399 ἱ

138 2426 204 2506 Ego
217 2430 248 2485 te
260 2422 335 2484 linio
350 2406 475 2493 »1401εὸ
487 2423 594 2484 salutis
608 2424 640 2485 in
655 2426 776 2487 Christo
789 2427 807 2487 J
810 2448 863 2488 esu
878 2428 1010 2489 Domino

98 2536 213 2600 nostro,
227 2536 262 2592 ut
275 2529 383 2590 habeas
397 2529 490 2590 vitum
505 2537 657 2592 aeternam.
677 2511 716 2600 Β)
736 2534 847 2594 Amen.

115 2709 162 2769 ‘Q
178 2710 203 2757 N
205 2746 220 2767 .‚
231 2710 294 2758 Dost
302 2706 362 2757 thou
373 2720 498 2759 renounuo
509 2708 599 2759 Satan?

128 2774 161 2821 A.
177 2773 190 2821 I
200 2773 231 2821 do
241 2786 365 2821 renounce
375 2771 435 2820 him.

132 2836 161 2893 Q.
177 2836 237 2884 And
247 2836 278 2884 all
289 2836 326 2884 his
337 2834 434 2884 works²

128 2900 161 2947 A.
177 2898 450 2949 Idorenouncethem.

131 2962 161 3018 Q
177 2962 277 3011 Andall
293 2962 444 3027 hispomps?

129 3026 161 3073 A
177 3025 190 3073 I
202 3024 233 3073 do
243 3040 365 3074 renounce
376 3025 451 3075 thorn.

129 3186 164 3235 D.
181 3184 222 3243 N..
233 3184 460 3234 Renuncez-vous
451 3201 466 3233 a
478 3184 568 3233 Satan?

128 3250 160 3298 R.
176 3249 191 3297 J
195 3251 234 3326 'y
230 3263 344 3297 renorrce.

127 3313 163 3362 D.
179 3311 234 3360 Et
224 3328 240 3360 a
251 3313 330 3360 toubss
346 3324 384 3359 ses
394 3313 505 3359 oeuvres?

128 3376 161 3424 R.
176 3375 202 3423 J'
202 3388 344 3452 erenonce

128 3439 163 3488 D.
174 3437 324 3487 Etbtoutes
335 3451 374 3486 ses
388 3438 506 3503 pompus?

129 3502 161 3551 R.
176 3501 202 3551 J’
202 3514 344 3568 yreoonee.
