<?xml version="1.0" encoding="UTF-8"?>
<!DOCTYPE html PUBLIC "-//W3C//DTD XHTML 1.0 Transitional//EN"
    "http://www.w3.org/TR/xhtml1/DTD/xhtml1-transitional.dtd">
<html xmlns="http://www.w3.org/1999/xhtml" xml:lang="en" lang="en">
 <head>
  <title>
</title>
<meta http-equiv="Content-Type" content="text/html;charset=utf-8" />
  <meta name='ocr-system' content='tesseract 3.04.00' />
  <meta name='ocr-capabilities' content='ocr_page ocr_carea ocr_par ocr_line ocrx_word'/>
</head>
<body>
  <div class='ocr_page' id='page_1' title='image "./compendiumritua00mdgoog_0058.png"; bbox 0 0 2234 4006; ppageno 0'>
   <div class='ocr_carea' id='block_1_1' title="bbox 246 244 1023 327">
    <p class='ocr_par' dir='ltr' id='par_1_1' title="bbox 246 244 1023 327">
     <span class='ocr_line' id='line_1_1' title="bbox 246 244 1023 327; baseline -0.003 0"><span class='ocrx_word' id='word_1_1' title='bbox 246 323 249 327; x_wconf 79' lang='grc'>,</span> <span class='ocrx_word' id='word_1_2' title='bbox 321 281 360 322; x_wconf 77' lang='lat' dir='ltr'>nc</span> <span class='ocrx_word' id='word_1_3' title='bbox 381 276 580 324; x_wconf 76' lang='lat' dir='ltr'>sacmusrvro</span> <span class='ocrx_word' id='word_1_4' title='bbox 601 280 824 323; x_wconf 73' lang='lat' dir='ltr'>uuonaarsrrn.</span> <span class='ocrx_word' id='word_1_5' title='bbox 941 244 1023 325; x_wconf 75' lang='lat'>‘47</span> 
     </span>
    </p>
   </div>
   <div class='ocr_carea' id='block_1_2' title="bbox 112 421 1026 1043">
    <p class='ocr_par' dir='ltr' id='par_1_2' title="bbox 112 421 1026 1043">
     <span class='ocr_line' id='line_1_2' title="bbox 152 421 1023 503; baseline -0.003 -20"><span class='ocrx_word' id='word_1_6' title='bbox 152 423 264 502; x_wconf 85' lang='lat' dir='ltr'>Itaque</span> <span class='ocrx_word' id='word_1_7' title='bbox 291 423 449 493; x_wconf 84' lang='lat' dir='ltr'><strong>Sacerdos,</strong></span> <span class='ocrx_word' id='word_1_8' title='bbox 478 428 596 503; x_wconf 89' lang='lat' dir='ltr'>sumpto</span> <span class='ocrx_word' id='word_1_9' title='bbox 624 422 826 484; x_wconf 90' lang='lat' dir='ltr'>sacratissimo</span> <span class='ocrx_word' id='word_1_10' title='bbox 860 421 1023 502; x_wconf 83' lang='lat' dir='ltr'>Sanguine,</span> 
     </span>
     <span class='ocr_line' id='line_1_3' title="bbox 112 502 1024 586; baseline -0.003 -22"><span class='ocrx_word' id='word_1_11' title='bbox 112 509 278 583; x_wconf 84' lang='lat' dir='ltr'>antequam</span> <span class='ocrx_word' id='word_1_12' title='bbox 303 524 335 564; x_wconf 92' lang='lat' dir='ltr'>se</span> <span class='ocrx_word' id='word_1_13' title='bbox 359 503 510 586; x_wconf 86' lang='lat' dir='ltr'>purificet,</span> <span class='ocrx_word' id='word_1_14' title='bbox 532 510 625 583; x_wconf 87' lang='lat' dir='ltr'>ponat</span> <span class='ocrx_word' id='word_1_15' title='bbox 644 502 808 584; x_wconf 86' lang='lat' dir='ltr'>particulas</span> <span class='ocrx_word' id='word_1_16' title='bbox 833 507 1024 563; x_wconf 83' lang='lat' dir='ltr'>consecratas</span> 
     </span>
     <span class='ocr_line' id='line_1_4' title="bbox 112 583 1024 667; baseline -0.003 -22"><span class='ocrx_word' id='word_1_17' title='bbox 112 585 144 645; x_wconf 90' lang='lat' dir='ltr'>in</span> <span class='ocrx_word' id='word_1_18' title='bbox 160 584 285 667; x_wconf 82' lang='lat' dir='ltr'>pyxide,</span> <span class='ocrx_word' id='word_1_19' title='bbox 295 585 345 644; x_wconf 83' lang='lat' dir='ltr'>vel</span> <span class='ocrx_word' id='word_1_20' title='bbox 357 585 382 644; x_wconf 92' lang='lat' dir='ltr'>si</span> <span class='ocrx_word' id='word_1_21' title='bbox 395 584 484 665; x_wconf 91' lang='lat' dir='ltr'>pauci</span> <span class='ocrx_word' id='word_1_22' title='bbox 499 583 560 644; x_wconf 92' lang='lat' dir='ltr'>sint</span> <span class='ocrx_word' id='word_1_23' title='bbox 575 583 826 653; x_wconf 88' lang='lat' dir='ltr'>communicandi,</span> <span class='ocrx_word' id='word_1_24' title='bbox 838 602 928 663; x_wconf 87' lang='lat' dir='ltr'>super</span> <span class='ocrx_word' id='word_1_25' title='bbox 940 588 1024 663; x_wconf 90' lang='lat' dir='ltr'>pate·</span> 
     </span>
     <span class='ocr_line' id='line_1_5' title="bbox 112 663 1026 757; baseline -0.004 -31"><span class='ocrx_word' id='word_1_26' title='bbox 112 685 195 735; x_wconf 90' lang='lat' dir='ltr'>nam,</span> <span class='ocrx_word' id='word_1_27' title='bbox 218 663 278 724; x_wconf 90' lang='lat' dir='ltr'>nisi</span> <span class='ocrx_word' id='word_1_28' title='bbox 298 664 329 725; x_wconf 89' lang='lat' dir='ltr'>in</span> <span class='ocrx_word' id='word_1_29' title='bbox 354 665 501 757; x_wconf 90' lang='lat' dir='ltr'>principio</span> <span class='ocrx_word' id='word_1_30' title='bbox 523 664 630 744; x_wconf 85' lang='lat' dir='ltr'>positae</span> <span class='ocrx_word' id='word_1_31' title='bbox 652 664 766 725; x_wconf 85' lang='lat' dir='ltr'>fuerint</span> <span class='ocrx_word' id='word_1_32' title='bbox 785 664 817 723; x_wconf 93' lang='lat' dir='ltr'>in</span> <span class='ocrx_word' id='word_1_33' title='bbox 838 685 857 744; x_wconf 88' lang='lat' dir='ltr'>p</span> <span class='ocrx_word' id='word_1_34' title='bbox 880 663 969 733; x_wconf 77' lang='lat' dir='ltr'>xide3</span> <span class='ocrx_word' id='word_1_35' title='bbox 994 669 1026 722; x_wconf 90' lang='lat' dir='ltr'>et</span> 
     </span>
     <span class='ocr_line' id='line_1_6' title="bbox 113 685 1025 827; baseline -0.003 -22"><span class='ocrx_word' id='word_1_36' title='bbox 113 743 305 827; x_wconf 81' lang='lat' dir='ltr'>genuflectit,</span> <span class='ocrx_word' id='word_1_37' title='bbox 326 745 464 805; x_wconf 74' lang='lat' dir='ltr'>ministro</span> <span class='ocrx_word' id='word_1_38' title='bbox 491 744 612 804; x_wconf 86' lang='lat' dir='ltr'>interim</span> <span class='ocrx_word' id='word_1_39' title='bbox 640 736 770 805; x_wconf 76' lang='lat' dir='ltr'><strong>faciente</strong></span> <span class='ocrx_word' id='word_1_40' title='bbox 795 685 1025 811; x_wconf 69' lang='lat' dir='ltr'>cautissimam,</span> 
     </span>
     <span class='ocr_line' id='line_1_7' title="bbox 113 824 1025 906; baseline -0.005 -20"><span class='ocrx_word' id='word_1_41' title='bbox 113 825 277 906; x_wconf 61' lang='lat' dir='ltr'>utsupra.</span> <span class='ocrx_word' id='word_1_42' title='bbox 316 824 429 886; x_wconf 72' lang='lat' dir='ltr'>Postea</span> <span class='ocrx_word' id='word_1_43' title='bbox 448 831 570 894; x_wconf 90' lang='lat' dir='ltr'>vertens</span> <span class='ocrx_word' id='word_1_44' title='bbox 593 845 624 884; x_wconf 89' lang='lat' dir='ltr'>se</span> <span class='ocrx_word' id='word_1_45' title='bbox 644 825 681 884; x_wconf 92' lang='lat' dir='ltr'>ad</span> <span class='ocrx_word' id='word_1_46' title='bbox 703 824 857 906; x_wconf 89' lang='lat' dir='ltr'>populum,</span> <span class='ocrx_word' id='word_1_47' title='bbox 878 825 909 884; x_wconf 93' lang='lat' dir='ltr'>in</span> <span class='ocrx_word' id='word_1_48' title='bbox 931 842 1025 884; x_wconf 91' lang='lat' dir='ltr'>cornu</span> 
     </span>
     <span class='ocr_line' id='line_1_8' title="bbox 113 904 1026 1043; baseline -0.005 -75"><span class='ocrx_word' id='word_1_49' title='bbox 113 904 277 986; x_wconf 82' lang='lat' dir='ltr'><strong>Evangelii</strong></span> <span class='ocrx_word' id='word_1_50' title='bbox 304 905 397 966; x_wconf 82' lang='lat' dir='ltr'>dicit:</span> <span class='ocrx_word' id='word_1_51' title='bbox 431 905 612 965; x_wconf 82' lang='lat' dir='ltr'>Mr&#39;aereotur</span> <span class='ocrx_word' id='word_1_52' title='bbox 636 908 736 975; x_wconf 73' lang='lat' dir='ltr'>vestrl,</span> <span class='ocrx_word' id='word_1_53' title='bbox 764 913 815 965; x_wconf 86' lang='lat' dir='ltr'>etc.</span> <span class='ocrx_word' id='word_1_54' title='bbox 845 911 877 965; x_wconf 92' lang='lat' dir='ltr'>et</span> <span class='ocrx_word' id='word_1_55' title='bbox 903 924 938 964; x_wconf 89' lang='lat' dir='ltr'>eo</span> <span class='ocrx_word' id='word_1_56' title='bbox 965 923 1026 1043; x_wconf 72' lang='lat' dir='ltr'>‹puo</span> 
     </span>
    </p>
   </div>
   <div class='ocr_carea' id='block_1_3' title="bbox 114 984 1028 1791">
    <p class='ocr_par' dir='ltr' id='par_1_3' title="bbox 114 984 1028 1791">
     <span class='ocr_line' id='line_1_9' title="bbox 114 984 1025 1067; baseline -0.005 -19"><span class='ocrx_word' id='word_1_57' title='bbox 114 987 210 1067; x_wconf 73' lang='lat' dir='ltr'>supra</span> <span class='ocrx_word' id='word_1_58' title='bbox 221 984 335 1046; x_wconf 80' lang='lat' dir='ltr'>dicium</span> <span class='ocrx_word' id='word_1_59' title='bbox 347 992 394 1046; x_wconf 91' lang='lat' dir='ltr'>est</span> <span class='ocrx_word' id='word_1_60' title='bbox 404 986 492 1046; x_wconf 91' lang='lat' dir='ltr'>modo</span> <span class='ocrx_word' id='word_1_61' title='bbox 501 985 627 1066; x_wconf 79' lang='lat' dir='ltr'>porrigit</span> <span class='ocrx_word' id='word_1_62' title='bbox 638 985 896 1046; x_wconf 81' lang='lat' dir='ltr'>communicandis</span> <span class='ocrx_word' id='word_1_63' title='bbox 907 986 971 1044; x_wconf 87' lang='lat' dir='ltr'>Euc</span> <span class='ocrx_word' id='word_1_64' title='bbox 993 1004 1025 1044; x_wconf 91' lang='lat' dir='ltr'>a·</span> 
     </span>
     <span class='ocr_line' id='line_1_10' title="bbox 114 1065 1025 1146; baseline -0.005 -18"><span class='ocrx_word' id='word_1_65' title='bbox 114 1068 245 1137; x_wconf 84' lang='lat' dir='ltr'>ristiam,</span> <span class='ocrx_word' id='word_1_66' title='bbox 266 1066 414 1146; x_wconf 87' lang='lat' dir='ltr'>incipieus</span> <span class='ocrx_word' id='word_1_67' title='bbox 437 1068 456 1123; x_wconf 75' lang='lat' dir='ltr'>d</span> <span class='ocrx_word' id='word_1_68' title='bbox 475 1067 621 1127; x_wconf 87' lang='lat' dir='ltr'>ministris</span> <span class='ocrx_word' id='word_1_69' title='bbox 643 1066 770 1134; x_wconf 84' lang='lat' dir='ltr'>Altaris,</span> <span class='ocrx_word' id='word_1_70' title='bbox 786 1066 811 1124; x_wconf 93' lang='lat' dir='ltr'>si</span> <span class='ocrx_word' id='word_1_71' title='bbox 827 1065 924 1124; x_wconf 91' lang='lat' dir='ltr'>velint</span> <span class='ocrx_word' id='word_1_72' title='bbox 944 1084 1025 1124; x_wconf 91' lang='lat' dir='ltr'>com·</span> 
     </span>
     <span class='ocr_line' id='line_1_11' title="bbox 114 1144 1026 1215; baseline -0.005 -7"><span class='ocrx_word' id='word_1_73' title='bbox 114 1148 281 1209; x_wconf 82' lang='lat' dir='ltr'>manicare.</span> <span class='ocrx_word' id='word_1_74' title='bbox 322 1147 423 1207; x_wconf 83' lang='lat' dir='ltr'>Finita</span> <span class='ocrx_word' id='word_1_75' title='bbox 437 1146 664 1215; x_wconf 87' lang='lat' dir='ltr'>Communione,</span> <span class='ocrx_word' id='word_1_76' title='bbox 679 1146 841 1206; x_wconf 88' lang='lat' dir='ltr'>revertitur</span> <span class='ocrx_word' id='word_1_77' title='bbox 854 1146 893 1205; x_wconf 92' lang='lat' dir='ltr'>ad</span> <span class='ocrx_word' id='word_1_78' title='bbox 907 1144 1026 1213; x_wconf 85' lang='lat' dir='ltr'>Altare,</span> 
     </span>
     <span class='ocr_line' id='line_1_12' title="bbox 115 1223 1026 1305; baseline -0.007 -16"><span class='ocrx_word' id='word_1_79' title='bbox 115 1229 193 1289; x_wconf 82' lang='lat' dir='ltr'>nihil</span> <span class='ocrx_word' id='word_1_80' title='bbox 208 1227 332 1297; x_wconf 84' lang='lat' dir='ltr'>dicens3</span> <span class='ocrx_word' id='word_1_81' title='bbox 354 1234 386 1287; x_wconf 92' lang='lat' dir='ltr'>et</span> <span class='ocrx_word' id='word_1_82' title='bbox 398 1246 457 1286; x_wconf 89' lang='lat' dir='ltr'>non</span> <span class='ocrx_word' id='word_1_83' title='bbox 472 1228 525 1287; x_wconf 90' lang='lat' dir='ltr'>dat</span> <span class='ocrx_word' id='word_1_84' title='bbox 539 1227 582 1286; x_wconf 90' lang='lat' dir='ltr'>eis</span> <span class='ocrx_word' id='word_1_85' title='bbox 595 1225 845 1295; x_wconf 84' lang='lat' dir='ltr'>benedictionem,</span> <span class='ocrx_word' id='word_1_86' title='bbox 857 1225 929 1305; x_wconf 90' lang='lat' dir='ltr'>quia</span> <span class='ocrx_word' id='word_1_87' title='bbox 941 1223 1026 1284; x_wconf 88' lang='lat' dir='ltr'>illam</span> 
     </span>
     <span class='ocr_line' id='line_1_13' title="bbox 116 1304 1027 1376; baseline -0.007 -7"><span class='ocrx_word' id='word_1_88' title='bbox 116 1309 202 1370; x_wconf 90' lang='lat' dir='ltr'>dabit</span> <span class='ocrx_word' id='word_1_89' title='bbox 222 1309 254 1367; x_wconf 93' lang='lat' dir='ltr'>in</span> <span class='ocrx_word' id='word_1_90' title='bbox 269 1306 329 1367; x_wconf 86' lang='lat' dir='ltr'>fine</span> <span class='ocrx_word' id='word_1_91' title='bbox 343 1308 457 1371; x_wconf 82' lang='lat' dir='ltr'>Missae.</span> <span class='ocrx_word' id='word_1_92' title='bbox 498 1307 616 1366; x_wconf 89' lang='lat' dir='ltr'>Deinde</span> <span class='ocrx_word' id='word_1_93' title='bbox 631 1306 712 1366; x_wconf 89' lang='lat' dir='ltr'>dicit.</span> <span class='ocrx_word' id='word_1_94' title='bbox 727 1305 857 1376; x_wconf 74' lang='lat' dir='ltr'>secreto,</span> <span class='ocrx_word' id='word_1_95' title='bbox 876 1304 958 1376; x_wconf 82' lang='lat' dir='ltr'>Quod</span> <span class='ocrx_word' id='word_1_96' title='bbox 977 1322 1027 1363; x_wconf 86' lang='lat' dir='ltr'>ore</span> 
     </span>
     <span class='ocr_line' id='line_1_14' title="bbox 117 1385 1027 1467; baseline -0.005 -19"><span class='ocrx_word' id='word_1_97' title='bbox 117 1389 298 1466; x_wconf 69' lang='lat' dir='ltr'>sumpsimus,</span> <span class='ocrx_word' id='word_1_98' title='bbox 314 1395 365 1446; x_wconf 85' lang='lat' dir='ltr'>etc.</span> <span class='ocrx_word' id='word_1_99' title='bbox 381 1394 415 1448; x_wconf 92' lang='lat' dir='ltr'>ut</span> <span class='ocrx_word' id='word_1_100' title='bbox 435 1389 466 1447; x_wconf 92' lang='lat' dir='ltr'>in</span> <span class='ocrx_word' id='word_1_101' title='bbox 481 1387 614 1456; x_wconf 90' lang='lat' dir='ltr'>Missali,</span> <span class='ocrx_word' id='word_1_102' title='bbox 629 1406 661 1446; x_wconf 88' lang='lat' dir='ltr'>se</span> <span class='ocrx_word' id='word_1_103' title='bbox 682 1386 831 1467; x_wconf 88' lang='lat' dir='ltr'>purificat,</span> <span class='ocrx_word' id='word_1_104' title='bbox 847 1390 879 1446; x_wconf 89' lang='lat' dir='ltr'>et</span> <span class='ocrx_word' id='word_1_105' title='bbox 898 1385 1027 1446; x_wconf 87' lang='lat' dir='ltr'>Missam</span> 
     </span>
     <span class='ocr_line' id='line_1_15' title="bbox 116 1466 1028 1561; baseline -0.007 -31"><span class='ocrx_word' id='word_1_106' title='bbox 116 1468 258 1530; x_wconf 84' lang='lat' dir='ltr'>absolvit.</span> <span class='ocrx_word' id='word_1_107' title='bbox 300 1468 388 1542; x_wconf 83' lang='lat' dir='ltr'>Qudd</span> <span class='ocrx_word' id='word_1_108' title='bbox 410 1468 435 1528; x_wconf 88' lang='lat' dir='ltr'>si</span> <span class='ocrx_word' id='word_1_109' title='bbox 456 1468 621 1561; x_wconf 79' lang='lat' dir='ltr'>contingat,</span> <span class='ocrx_word' id='word_1_110' title='bbox 643 1468 779 1528; x_wconf 90' lang='lat' dir='ltr'>absoluta</span> <span class='ocrx_word' id='word_1_111' title='bbox 799 1466 907 1537; x_wconf 87' lang='lat' dir='ltr'>Missa,</span> <span class='ocrx_word' id='word_1_112' title='bbox 925 1466 1028 1526; x_wconf 86' lang='lat' dir='ltr'>statim</span> 
     </span>
     <span class='ocr_line' id='line_1_16' title="bbox 117 1547 1027 1629; baseline -0.005 -19"><span class='ocrx_word' id='word_1_113' title='bbox 117 1549 238 1629; x_wconf 83' lang='lat' dir='ltr'>aliquos</span> <span class='ocrx_word' id='word_1_114' title='bbox 258 1547 409 1609; x_wconf 85' lang='lat' dir='ltr'>interdhm</span> <span class='ocrx_word' id='word_1_115' title='bbox 428 1568 659 1617; x_wconf 81' lang='lat' dir='ltr'>communicare,</span> <span class='ocrx_word' id='word_1_116' title='bbox 673 1554 746 1608; x_wconf 93' lang='lat' dir='ltr'>tunc</span> <span class='ocrx_word' id='word_1_117' title='bbox 768 1548 915 1608; x_wconf 83' lang='lat' dir='ltr'>Sacerdos</span> <span class='ocrx_word' id='word_1_118' title='bbox 929 1547 1027 1608; x_wconf 90' lang='lat' dir='ltr'>adhuc</span> 
     </span>
     <span class='ocr_line' id='line_1_17' title="bbox 116 1628 1028 1711; baseline -0.004 -23"><span class='ocrx_word' id='word_1_119' title='bbox 116 1631 242 1711; x_wconf 88' lang='lat' dir='ltr'>planeta</span> <span class='ocrx_word' id='word_1_120' title='bbox 255 1628 390 1699; x_wconf 90' lang='lat' dir='ltr'>indutus,</span> <span class='ocrx_word' id='word_1_121' title='bbox 406 1649 520 1689; x_wconf 90' lang='lat' dir='ltr'>sacram</span> <span class='ocrx_word' id='word_1_122' title='bbox 542 1629 791 1690; x_wconf 81' lang='lat' dir='ltr'>communionem</span> <span class='ocrx_word' id='word_1_123' title='bbox 806 1649 841 1688; x_wconf 90' lang='lat' dir='ltr'>eo</span> <span class='ocrx_word' id='word_1_124' title='bbox 855 1628 953 1697; x_wconf 90' lang='lat' dir='ltr'>modo,</span> <span class='ocrx_word' id='word_1_125' title='bbox 968 1646 1028 1704; x_wconf 92' lang='lat' dir='ltr'>quo</span> 
     </span>
     <span class='ocr_line' id='line_1_18' title="bbox 118 1709 620 1791; baseline -0.01 -21"><span class='ocrx_word' id='word_1_126' title='bbox 118 1710 215 1791; x_wconf 70' lang='lat' dir='ltr'>supra</span> <span class='ocrx_word' id='word_1_127' title='bbox 228 1709 344 1770; x_wconf 91' lang='lat' dir='ltr'>dictum</span> <span class='ocrx_word' id='word_1_128' title='bbox 358 1714 416 1778; x_wconf 90' lang='lat' dir='ltr'>est,</span> <span class='ocrx_word' id='word_1_129' title='bbox 430 1709 620 1770; x_wconf 81' lang='lat' dir='ltr'>ministrabit.</span> 
     </span>
    </p>
   </div>
   <div class='ocr_carea' id='block_1_4' title="bbox 368 1897 783 1940">
    <p class='ocr_par' dir='ltr' id='par_1_4' title="bbox 368 1897 783 1940">
     <span class='ocr_line' id='line_1_19' title="bbox 368 1897 783 1940; baseline -0.01 0"><span class='ocrx_word' id='word_1_130' title='bbox 368 1898 405 1940; x_wconf 75' lang='lat' dir='ltr'>DE</span> <span class='ocrx_word' id='word_1_131' title='bbox 422 1897 618 1940; x_wconf 70' lang='lat' dir='ltr'>communionis</span> <span class='ocrx_word' id='word_1_132' title='bbox 633 1897 783 1938; x_wconf 82' lang='lat' dir='ltr'>PASCHALI.</span> 
     </span>
    </p>
   </div>
   <div class='ocr_carea' id='block_1_5' title="bbox 77 2026 1038 3480">
    <p class='ocr_par' dir='ltr' id='par_1_5' title="bbox 188 2026 1031 2109">
     <span class='ocr_line' id='line_1_20' title="bbox 188 2026 1031 2109; baseline -0.007 -17"><span class='ocrx_word' id='word_1_133' title='bbox 188 2032 307 2103; x_wconf 81' lang='lat' dir='ltr'><strong>URET</strong></span> <span class='ocrx_word' id='word_1_134' title='bbox 328 2036 428 2095; x_wconf 89' lang='lat' dir='ltr'>autem</span> <span class='ocrx_word' id='word_1_135' title='bbox 448 2031 611 2100; x_wconf 89' lang='lat' dir='ltr'>Parochus‚</span> <span class='ocrx_word' id='word_1_136' title='bbox 626 2035 661 2089; x_wconf 94' lang='lat' dir='ltr'>ut</span> <span class='ocrx_word' id='word_1_137' title='bbox 677 2029 708 2088; x_wconf 92' lang='lat' dir='ltr'>in</span> <span class='ocrx_word' id='word_1_138' title='bbox 724 2026 958 2109; x_wconf 83' lang='lat' dir='ltr'>Quadragesima</span> <span class='ocrx_word' id='word_1_139' title='bbox 978 2047 1031 2108; x_wconf 93' lang='lat' dir='ltr'>per</span> 
     </span>
    </p>

    <p class='ocr_par' dir='ltr' id='par_1_6' title="bbox 209 2108 1032 2192">
     <span class='ocr_line' id='line_1_21' title="bbox 209 2108 1032 2192; baseline -0.007 -19"><span class='ocrx_word' id='word_1_140' title='bbox 209 2133 241 2173; x_wconf 89' lang='lat' dir='ltr'>se</span> <span class='ocrx_word' id='word_1_141' title='bbox 257 2113 306 2173; x_wconf 90' lang='lat' dir='ltr'>vel</span> <span class='ocrx_word' id='word_1_142' title='bbox 326 2133 380 2192; x_wconf 90' lang='lat' dir='ltr'>per</span> <span class='ocrx_word' id='word_1_143' title='bbox 394 2112 468 2172; x_wconf 91' lang='lat' dir='ltr'>alios</span> <span class='ocrx_word' id='word_1_144' title='bbox 490 2111 726 2172; x_wconf 89' lang='lat' dir='ltr'>Concionatores</span> <span class='ocrx_word' id='word_1_145' title='bbox 742 2109 852 2191; x_wconf 91' lang='lat' dir='ltr'>populo</span> <span class='ocrx_word' id='word_1_146' title='bbox 866 2108 1032 2189; x_wconf 75' lang='lat' dir='ltr'>opportune</span> 
     </span>
    </p>

    <p class='ocr_par' dir='ltr' id='par_1_7' title="bbox 120 2189 1031 2259">
     <span class='ocr_line' id='line_1_22' title="bbox 120 2189 1031 2259; baseline -0.004 -7"><span class='ocrx_word' id='word_1_147' title='bbox 120 2193 519 2259; x_wconf 82' lang='lat' dir='ltr'>denuntietur&#39;Constitutio</span> <span class='ocrx_word' id='word_1_148' title='bbox 534 2191 666 2252; x_wconf 89' lang='lat' dir='ltr'>Concilii</span> <span class='ocrx_word' id='word_1_149' title='bbox 680 2190 894 2251; x_wconf 89' lang='lat' dir='ltr'>Lateranensis</span> <span class='ocrx_word' id='word_1_150' title='bbox 909 2191 964 2250; x_wconf 91' lang='lat' dir='ltr'>suh</span> <span class='ocrx_word' id='word_1_151' title='bbox 979 2189 1031 2248; x_wconf 91' lang='lat' dir='ltr'>lu·</span> 
     </span>
    </p>

    <p class='ocr_par' dir='ltr' id='par_1_8' title="bbox 122 2273 599 2366">
     <span class='ocr_line' id='line_1_23' title="bbox 122 2273 599 2366; baseline -0.002 -34"><span class='ocrx_word' id='word_1_152' title='bbox 122 2273 264 2335; x_wconf 87' lang='lat' dir='ltr'>nocentia</span> <span class='ocrx_word' id='word_1_153' title='bbox 279 2274 341 2333; x_wconf 93' lang='lat' dir='ltr'><strong>III.</strong></span> <span class='ocrx_word' id='word_1_154' title='bbox 357 2293 423 2366; x_wconf 85' lang='lat' dir='ltr'>quae</span> <span class='ocrx_word' id='word_1_155' title='bbox 438 2273 481 2333; x_wconf 91' lang='lat' dir='ltr'>sic</span> <span class='ocrx_word' id='word_1_156' title='bbox 495 2273 599 2332; x_wconf 84' lang='lat' dir='ltr'>hahet:</span> 
     </span>
    </p>

    <p class='ocr_par' dir='ltr' id='par_1_9' title="bbox 162 2350 1033 2434">
     <span class='ocr_line' id='line_1_24' title="bbox 162 2350 1033 2434; baseline -0.003 -20"><span class='ocrx_word' id='word_1_157' title='bbox 162 2353 303 2414; x_wconf 88' lang='lat' dir='ltr'>“Omnis</span> <span class='ocrx_word' id='word_1_158' title='bbox 317 2360 474 2432; x_wconf 81' lang='lat' dir='ltr'>utriusque</span> <span class='ocrx_word' id='word_1_159' title='bbox 489 2373 578 2413; x_wconf 84' lang='lat' dir='ltr'>sexus</span> <span class='ocrx_word' id='word_1_160' title='bbox 592 2350 703 2422; x_wconf 89' lang='lat' dir='ltr'>fidelis,</span> <span class='ocrx_word' id='word_1_161' title='bbox 715 2359 871 2434; x_wconf 88' lang='lat' dir='ltr'>postquam</span> <span class='ocrx_word' id='word_1_162' title='bbox 887 2351 923 2411; x_wconf 93' lang='lat' dir='ltr'>ad</span> <span class='ocrx_word' id='word_1_163' title='bbox 939 2370 1033 2411; x_wconf 90' lang='lat' dir='ltr'>annos</span> 
     </span>
    </p>

    <p class='ocr_par' dir='ltr' id='par_1_10' title="bbox 123 2430 1035 2514">
     <span class='ocr_line' id='line_1_25' title="bbox 123 2430 1035 2514; baseline -0.004 -19"><span class='ocrx_word' id='word_1_164' title='bbox 123 2443 142 2468; x_wconf 92' lang='lat'>“</span> <span class='ocrx_word' id='word_1_165' title='bbox 155 2434 349 2496; x_wconf 83' lang='lat' dir='ltr'>discretionis</span> <span class='ocrx_word' id='word_1_166' title='bbox 357 2435 539 2513; x_wconf 88' lang='lat' dir='ltr'>pervenerit,</span> <span class='ocrx_word' id='word_1_167' title='bbox 550 2434 649 2493; x_wconf 89' lang='lat' dir='ltr'>omnia</span> <span class='ocrx_word' id='word_1_168' title='bbox 658 2453 709 2492; x_wconf 88' lang='lat' dir='ltr'>sua</span> <span class='ocrx_word' id='word_1_169' title='bbox 720 2439 845 2514; x_wconf 90' lang='lat' dir='ltr'>peccata</span> <span class='ocrx_word' id='word_1_170' title='bbox 856 2430 1035 2491; x_wconf 89' lang='lat' dir='ltr'>confiteatur</span> 
     </span>
    </p>

    <p class='ocr_par' dir='ltr' id='par_1_11' title="bbox 126 2511 1035 2595">
     <span class='ocr_line' id='line_1_26' title="bbox 126 2511 1035 2595; baseline -0.004 -20"><span class='ocrx_word' id='word_1_171' title='bbox 126 2523 144 2548; x_wconf 88' lang='lat'><strong>“</strong></span> <span class='ocrx_word' id='word_1_172' title='bbox 156 2513 301 2584; x_wconf 88' lang='lat' dir='ltr'>fideliter,</span> <span class='ocrx_word' id='word_1_173' title='bbox 314 2515 421 2575; x_wconf 88' lang='lat' dir='ltr'>saltem</span> <span class='ocrx_word' id='word_1_174' title='bbox 436 2515 528 2574; x_wconf 88' lang='lat' dir='ltr'>semel</span> <span class='ocrx_word' id='word_1_175' title='bbox 543 2514 575 2573; x_wconf 91' lang='lat' dir='ltr'>in</span> <span class='ocrx_word' id='word_1_176' title='bbox 590 2534 679 2582; x_wconf 90' lang='lat' dir='ltr'>anno,</span> <span class='ocrx_word' id='word_1_177' title='bbox 690 2513 809 2595; x_wconf 90' lang='lat' dir='ltr'>proprio</span> <span class='ocrx_word' id='word_1_178' title='bbox 824 2511 991 2579; x_wconf 88' lang='lat' dir='ltr'>Sacerdoti,</span> <span class='ocrx_word' id='word_1_179' title='bbox 1004 2517 1035 2571; x_wconf 92' lang='lat' dir='ltr'>et</span> 
     </span>
    </p>

    <p class='ocr_par' dir='ltr' id='par_1_12' title="bbox 126 2589 1034 2676">
     <span class='ocr_line' id='line_1_27' title="bbox 126 2589 1034 2676; baseline -0.008 -22"><span class='ocrx_word' id='word_1_180' title='bbox 126 2603 145 2628; x_wconf 91' lang='lat'><strong>“</strong></span> <span class='ocrx_word' id='word_1_181' title='bbox 156 2595 326 2674; x_wconf 89' lang='lat' dir='ltr'>injunctam</span> <span class='ocrx_word' id='word_1_182' title='bbox 336 2595 393 2655; x_wconf 86' lang='lat' dir='ltr'>sibi</span> <span class='ocrx_word' id='word_1_183' title='bbox 404 2595 611 2676; x_wconf 89' lang='lat' dir='ltr'>poenitentiam</span> <span class='ocrx_word' id='word_1_184' title='bbox 623 2592 743 2653; x_wconf 83' lang='lat' dir='ltr'>studeat</span> <span class='ocrx_word' id='word_1_185' title='bbox 753 2613 808 2673; x_wconf 95' lang='lat' dir='ltr'>pro</span> <span class='ocrx_word' id='word_1_186' title='bbox 817 2592 930 2651; x_wconf 89' lang='lat' dir='ltr'>viribus</span> <span class='ocrx_word' id='word_1_187' title='bbox 939 2589 1034 2649; x_wconf 92' lang='lat' dir='ltr'>adim·</span> 
     </span>
    </p>

    <p class='ocr_par' dir='ltr' id='par_1_13' title="bbox 129 2669 1035 2754">
     <span class='ocr_line' id='line_1_28' title="bbox 129 2669 1035 2754; baseline -0.006 -19"><span class='ocrx_word' id='word_1_188' title='bbox 129 2683 146 2707; x_wconf 79' lang='lat'>‘⁸</span> <span class='ocrx_word' id='word_1_189' title='bbox 157 2675 254 2754; x_wconf 90' lang='lat' dir='ltr'>plere,</span> <span class='ocrx_word' id='word_1_190' title='bbox 280 2675 448 2754; x_wconf 87' lang='lat' dir='ltr'>suscipiens</span> <span class='ocrx_word' id='word_1_191' title='bbox 472 2682 646 2735; x_wconf 80' lang='lat' dir='ltr'>reverenter</span> <span class='ocrx_word' id='word_1_192' title='bbox 670 2674 707 2733; x_wconf 89' lang='lat' dir='ltr'>ad</span> <span class='ocrx_word' id='word_1_193' title='bbox 732 2675 833 2744; x_wconf 40' lang='lat' dir='ltr'>,minus</span> <span class='ocrx_word' id='word_1_194' title='bbox 860 2671 890 2730; x_wconf 90' lang='lat' dir='ltr'>in</span> <span class='ocrx_word' id='word_1_195' title='bbox 918 2669 1035 2730; x_wconf 88' lang='lat' dir='ltr'>Pascha</span> 
     </span>
    </p>

    <p class='ocr_par' dir='ltr' id='par_1_14' title="bbox 131 2749 1034 2832">
     <span class='ocr_line' id='line_1_29' title="bbox 131 2749 1034 2832; baseline -0.006 -17"><span class='ocrx_word' id='word_1_196' title='bbox 131 2763 147 2787; x_wconf 79' lang='lat'>‘⁸</span> <span class='ocrx_word' id='word_1_197' title='bbox 157 2755 358 2815; x_wconf 79' lang='lat' dir='ltr'>Eucharistiae.</span> <span class='ocrx_word' id='word_1_198' title='bbox 371 2755 609 2823; x_wconf 84' lang='lat' dir='ltr'>Sacramentum,</span> <span class='ocrx_word' id='word_1_199' title='bbox 622 2754 679 2813; x_wconf 89' lang='lat' dir='ltr'>nisi</span> <span class='ocrx_word' id='word_1_200' title='bbox 691 2753 768 2813; x_wconf 76' lang='lat' dir='ltr'>forte</span> <span class='ocrx_word' id='word_1_201' title='bbox 780 2753 817 2812; x_wconf 94' lang='lat' dir='ltr'>de</span> <span class='ocrx_word' id='word_1_202' title='bbox 830 2749 955 2810; x_wconf 92' lang='lat' dir='ltr'>consilio</span> <span class='ocrx_word' id='word_1_203' title='bbox 966 2771 1034 2832; x_wconf 91' lang='lat' dir='ltr'>pro-</span> 
     </span>
    </p>

    <p class='ocr_par' dir='ltr' id='par_1_15' title="bbox 78 2831 1035 2915">
     <span class='ocr_line' id='line_1_30' title="bbox 78 2831 1035 2915; baseline -0.008 -16"><span class='ocrx_word' id='word_1_204' title='bbox 78 2892 80 2899; x_wconf 69' lang='lat'>,</span> <span class='ocrx_word' id='word_1_205' title='bbox 133 2835 218 2915; x_wconf 89' lang='lat' dir='ltr'>“prii</span> <span class='ocrx_word' id='word_1_206' title='bbox 239 2836 423 2906; x_wconf 89' lang='lat' dir='ltr'>Sacerdotis,</span> <span class='ocrx_word' id='word_1_207' title='bbox 438 2839 474 2897; x_wconf 97' lang='lat' dir='ltr'>ob</span> <span class='ocrx_word' id='word_1_208' title='bbox 490 2836 619 2914; x_wconf 89' lang='lat' dir='ltr'>aliquam</span> <span class='ocrx_word' id='word_1_209' title='bbox 635 2833 842 2893; x_wconf 88' lang='lat' dir='ltr'>rationabilem</span> <span class='ocrx_word' id='word_1_210' title='bbox 863 2850 980 2891; x_wconf 88' lang='lat' dir='ltr'>causam</span> <span class='ocrx_word' id='word_1_211' title='bbox 996 2831 1035 2891; x_wconf 92' lang='lat' dir='ltr'>ad</span> 
     </span>
    </p>

    <p class='ocr_par' dir='ltr' id='par_1_16' title="bbox 136 2912 1035 2997">
     <span class='ocr_line' id='line_1_31' title="bbox 136 2912 1035 2997; baseline -0.004 -22"><span class='ocrx_word' id='word_1_212' title='bbox 136 2923 278 2997; x_wconf 89' lang='lat' dir='ltr'>“tempus</span> <span class='ocrx_word' id='word_1_213' title='bbox 302 2919 338 2977; x_wconf 91' lang='lat' dir='ltr'>ab</span> <span class='ocrx_word' id='word_1_214' title='bbox 360 2917 426 2996; x_wconf 88' lang='lat' dir='ltr'>ejus</span> <span class='ocrx_word' id='word_1_215' title='bbox 446 2916 639 2996; x_wconf 89' lang='lat' dir='ltr'>perceptione</span> <span class='ocrx_word' id='word_1_216' title='bbox 664 2913 785 2972; x_wconf 87' lang='lat' dir='ltr'>duxerit</span> <span class='ocrx_word' id='word_1_217' title='bbox 806 2912 1035 2972; x_wconf 71' lang='lat' dir='ltr'>abstinendum</span> 
     </span>
    </p>

    <p class='ocr_par' dir='ltr' id='par_1_17' title="bbox 77 2992 1037 3154">
     <span class='ocr_line' id='line_1_32' title="bbox 138 2992 1037 3077; baseline -0.003 -22"><span class='ocrx_word' id='word_1_218' title='bbox 138 2995 295 3077; x_wconf 86' lang='lat' dir='ltr'>“alioquin</span> <span class='ocrx_word' id='word_1_219' title='bbox 310 3004 342 3057; x_wconf 92' lang='lat' dir='ltr'>et</span> <span class='ocrx_word' id='word_1_220' title='bbox 354 2998 460 3057; x_wconf 85' lang='lat' dir='ltr'>vivens</span> <span class='ocrx_word' id='word_1_221' title='bbox 477 3000 513 3058; x_wconf 94' lang='lat' dir='ltr'>ab</span> <span class='ocrx_word' id='word_1_222' title='bbox 528 2996 662 3076; x_wconf 85' lang='lat' dir='ltr'>ingressu</span> <span class='ocrx_word' id='word_1_223' title='bbox 678 2992 827 3054; x_wconf 84' lang='lat' dir='ltr'>Ecclesiae</span> <span class='ocrx_word' id='word_1_224' title='bbox 843 3000 991 3063; x_wconf 89' lang='lat' dir='ltr'>arceatur,</span> <span class='ocrx_word' id='word_1_225' title='bbox 1006 3000 1037 3052; x_wconf 90' lang='lat' dir='ltr'>et</span> 
     </span>
     <span class='ocr_line' id='line_1_33' title="bbox 141 3075 800 3154; baseline 0 -19"><span class='ocrx_word' id='word_1_226' title='bbox 141 3077 291 3138; x_wconf 87' lang='lat' dir='ltr'>“moriens</span> <span class='ocrx_word' id='word_1_227' title='bbox 310 3077 485 3138; x_wconf 88' lang='lat' dir='ltr'>Christiana</span> <span class='ocrx_word' id='word_1_228' title='bbox 498 3083 598 3137; x_wconf 90' lang='lat' dir='ltr'>careat</span> <span class='ocrx_word' id='word_1_229' title='bbox 612 3075 800 3154; x_wconf 86' lang='lat' dir='ltr'>sepultura.’&#39;</span> 
     </span>
    </p>

    <p class='ocr_par' dir='ltr' id='par_1_18' title="bbox 77 3152 1037 3238">
     <span class='ocr_line' id='line_1_34' title="bbox 77 3152 1037 3238; baseline -0.002 -23"><span class='ocrx_word' id='word_1_230' title='bbox 77 3160 99 3233; x_wconf 56' lang='lat' dir='ltr'>t}</span> <span class='ocrx_word' id='word_1_231' title='bbox 173 3154 215 3216; x_wconf 85' lang='lat' dir='ltr'>Ut</span> <span class='ocrx_word' id='word_1_232' title='bbox 231 3156 323 3238; x_wconf 81' lang='lat' dir='ltr'>igitur</span> <span class='ocrx_word' id='word_1_233' title='bbox 344 3159 399 3218; x_wconf 93' lang='lat' dir='ltr'>hoc</span> <span class='ocrx_word' id='word_1_234' title='bbox 421 3158 552 3218; x_wconf 87' lang='lat' dir='ltr'>salutare</span> <span class='ocrx_word' id='word_1_235' title='bbox 576 3155 707 3216; x_wconf 77' lang='lat' dir='ltr'>Consilii</span> <span class='ocrx_word' id='word_1_236' title='bbox 732 3156 887 3216; x_wconf 88' lang='lat' dir='ltr'>decretum</span> <span class='ocrx_word' id='word_1_237' title='bbox 910 3152 1037 3214; x_wconf 90' lang='lat' dir='ltr'>inviola-</span> 
     </span>
    </p>

    <p class='ocr_par' dir='ltr' id='par_1_19' title="bbox 77 3231 1038 3318">
     <span class='ocr_line' id='line_1_35' title="bbox 77 3231 1038 3318; baseline -0.003 -22"><span class='ocrx_word' id='word_1_238' title='bbox 77 3241 96 3286; x_wconf 70' lang='lat' dir='ltr'>b</span> <span class='ocrx_word' id='word_1_239' title='bbox 146 3231 231 3313; x_wconf 73' lang='lat' dir='ltr'>liliter</span> <span class='ocrx_word' id='word_1_240' title='bbox 254 3245 401 3308; x_wconf 87' lang='lat' dir='ltr'>servetur,</span> <span class='ocrx_word' id='word_1_241' title='bbox 427 3238 580 3318; x_wconf 88' lang='lat' dir='ltr'>descripta</span> <span class='ocrx_word' id='word_1_242' title='bbox 607 3235 759 3297; x_wconf 89' lang='lat' dir='ltr'>Parochus</span> <span class='ocrx_word' id='word_1_243' title='bbox 784 3235 890 3295; x_wconf 87' lang='lat' dir='ltr'>habeat</span> <span class='ocrx_word' id='word_1_244' title='bbox 917 3233 1038 3295; x_wconf 90' lang='lat' dir='ltr'>nomina</span> 
     </span>
    </p>

    <p class='ocr_par' dir='ltr' id='par_1_20' title="bbox 77 3314 1036 3397">
     <span class='ocr_line' id='line_1_36' title="bbox 77 3314 1036 3397; baseline -0.013 -14"><span class='ocrx_word' id='word_1_245' title='bbox 77 3314 104 3383; x_wconf 61' lang='lat' dir='ltr'>v!</span> <span class='ocrx_word' id='word_1_246' title='bbox 150 3328 251 3377; x_wconf 63' lang='lat' dir='ltr'>nomm</span> <span class='ocrx_word' id='word_1_247' title='bbox 278 3319 550 3388; x_wconf 81' lang='lat' dir='ltr'>Par&#39;ochianorum3</span> <span class='ocrx_word' id='word_1_248' title='bbox 578 3317 684 3396; x_wconf 91' lang='lat' dir='ltr'>etqui</span> <span class='ocrx_word' id='word_1_249' title='bbox 712 3317 794 3377; x_wconf 88' lang='lat' dir='ltr'>dicto</span> <span class='ocrx_word' id='word_1_250' title='bbox 819 3323 951 3397; x_wconf 89' lang='lat' dir='ltr'>tempore</span> <span class='ocrx_word' id='word_1_251' title='bbox 977 3332 1036 3373; x_wconf 88' lang='lat' dir='ltr'>non</span> 
     </span>
    </p>

    <p class='ocr_par' dir='ltr' id='par_1_21' title="bbox 77 3393 1037 3480">
     <span class='ocr_line' id='line_1_37' title="bbox 77 3393 1037 3480; baseline -0.005 -24"><span class='ocrx_word' id='word_1_252' title='bbox 77 3427 82 3451; x_wconf 62' lang='grc' dir='ltr'>ι</span> <span class='ocrx_word' id='word_1_253' title='bbox 152 3399 428 3470; x_wconf 69' lang='lat' dir='ltr'>communicaverint,</span> <span class='ocrx_word' id='word_1_254' title='bbox 449 3405 480 3462; x_wconf 89' lang='lat' dir='ltr'>ct</span> <span class='ocrx_word' id='word_1_255' title='bbox 505 3405 573 3480; x_wconf 89' lang='lat' dir='ltr'>post</span> <span class='ocrx_word' id='word_1_256' title='bbox 593 3400 737 3460; x_wconf 87' lang='lat' dir='ltr'>Octavam</span> <span class='ocrx_word' id='word_1_257' title='bbox 758 3398 880 3458; x_wconf 81' lang='lat' dir='ltr'>Pascha</span> <span class='ocrx_word' id='word_1_258' title='bbox 902 3416 963 3465; x_wconf 89' lang='lat' dir='ltr'>eos,</span> <span class='ocrx_word' id='word_1_259' title='bbox 985 3393 1037 3472; x_wconf 91' lang='lat' dir='ltr'>qui</span> 
     </span>
    </p>
   </div>
   <div class='ocr_carea' id='block_1_6' title="bbox 0 0 1141 4006">
    <p class='ocr_par' dir='ltr' id='par_1_22' title="bbox 0 0 1141 4006">
     <span class='ocr_line' id='line_1_38' title="bbox 0 0 1141 4006; baseline 0 0"><span class='ocrx_word' id='word_1_260' title='bbox 0 0 1141 4006; x_wconf 95' lang='lat' dir='ltr'> </span> 
     </span>
    </p>
   </div>
  </div>
 </body>
</html>
