2234 4006
188 281 289 326 nonus
303 281 490 351 'cremarem
512 281 742 326 roorossrosrrr
764 283 858 326 siner.
923 272 981 332 197

42 412 162 486 ¹nostri
183 422 276 504 Pn'pae
299 423 340 485 N.
355 423 388 484 in
407 423 463 486 hac
474 429 568 506 parte
581 423 654 486 mihi
675 424 844 503 commissa,
859 428 982 489 absolvo

34 524 38 529 ’
57 538 93 591 te
112 529 271 591 &viuculo
292 515 624 602 excommunicationis,
640 550 731 611 quam
752 529 908 594 incurristi
927 554 983 615 per

57 635 201 696 haeresim
224 630 410 716 professam
435 634 562 696 admitto
587 641 618 696 te
642 635 674 709 in
698 637 845 717 gremium
870 644 982 698 sanctae

58 741 169 802 matris
185 736 348 811 Ecclesiae,
363 746 395 801 et
414 739 446 801 in
462 741 725 802 Sacramentorum
741 743 807 823 ejus
820 743 981 825 participa·

59 845 176 908 tionem
186 867 196 917 ;
217 845 421 907 communioni
441 851 473 906 ct
486 845 596 907 unitati
620 834 772 909 Fidelium
790 854 823 910 te
836 849 981 911 restituo:

58 951 93 1012 in
106 951 228 1012 nomine
240 949 353 1021 Patris,
363 949 398 1023 {t
408 958 440 1011 et
451 949 534 1021 Filii,
544 957 576 1012 et
586 952 718 1033 Spiritus
730 955 839 1015 sancti.
871 955 981 1016 Amen.

102 1056 214 1115 Postea
227 1055 359 1116 dieitur:
380 1054 427 1116 Te
441 1056 552 1128 Deum,
569 1077 603 1138 p.
620 1063 690 1121 171.

103 1151 147 1231 ys.
167 1161 318 1222 Dominus
331 1159 498 1222 vobiscum.

102 1250 144 1339 ἢ.
165 1268 208 1328 Et
222 1287 292 1327 cum
306 1265 417 1348 spiritu¹
430 1273 493 1328 tuo.

424 1412 427 1418 ¹
462 1443 586 1486 annuus.

155 1577 195 1647 Α,
208 1572 554 1656 quesumus,]Ecclesiae
569 1583 639 1647 tuae,
652 1575 822 1639 misericors
837 1579 932 1650 Deus,
946 1586 982 1640 ut

173 1682 289 1765 Spiritu
304 1690 409 1744 sancto
423 1690 616 1765 congregata,
628 1682 732 1744 hostili
746 1683 919 1745 nullatenus
933 1683 980 1744 in·

61 1788 205 1850 cursione
220 1791 370 1850 turbetur.
401 1787 403 1793 ’

102 1894 303 1976 Omnipotens
317 1894 499 1976 sempiterne
521 1895 615 1964 Deus,
632 1892 685 1972 qui
706 1890 806 1983 scitas
820 1913 935 1965 omnes,
950 1900 982 1957 et

60 1999 217 2061 neminem
226 2000 273 2060 vis
287 1998 397 2081 perire,
408 1999 526 2083 respice
537 1999 576 2059 ad
588 1998 702 2059 animas
715 1997 864 2060 diabolica
873 1999 980 2062 fraude

57 2107 227 2188 deceptasz
248 2112 284 2166 ut
296 2104 378 2165 omni
393 2104 536 2166 haeretica
549 2104 700 2186 pravitate
714 2101 862 2186 deposita,
877 2124 979 2167 errau-

56 2211 139 2275 tinm
161 2211 254 2273 corda
276 2210 468 2294 resipiscant,
490 2211 581 2271 etad
604 2208 743 2270 veritatis
767 2215 829 2271 tuae
854 2210 981 2273 redeant

57 2313 222 2379 unitatem.
262 2294 507 2379 Por-Dominum
528 2321 665 2377 nostrum
686 2315 791 2378 Jesum
812 2315 980 2387 christum,

56 2431 123 2487 etc.
165 2423 276 2483 Amen.
