2234 4006
156 267 196 325 62
297 284 337 325 nr
358 282 556 326 sacnuusuro
580 284 735 327 aarum
757 274 934 327 urrc'mours.

481 498 484 505 '
550 510 677 553 oasuus.

229 642 504 714 OMINE-sancte,
519 645 615 705 Pater·
632 643 832 726 omnipotens,
847 650 963 705 aterne
978 646 1067 714 Deus,
1109 674 1111 709 ι

249 751 302 831 qui
316 745 538 813 benedictionis
556 757 616 811 tuae
636 751 764 831 gratiam
779 750 866 832 aegris
880 751 1066 812 infundendo
1109 722 1111 835 1

153 857 339 937 corporibus,
350 857 500 918 facturam
513 860 597 917 tuam
609 856 773 945 multiplici
786 857 902 938 pietate
916 856 1066 918 custodis:
1109 864 1111 909 i

152 948 423 1025 ad'invocationem
436 962 483 1023 tui
492 961 627 1023 numinis
634 962 783 1045 benignus
795 963 916 1033 assiste,
929 969 966 1024 ut
977 964 1065 1024 famu·
1109 942 1111 1027 l

153 1071 216 1130 lum
236 1075 323 1130 tuum
337 1071 374 1129 ab
388 1067 568 1149 egritudine
588 1068 760 1141 liberatum,
777 1076 809 1130 et
828 1070 963 1130 sanitate
980 1071 1066 1130 dona·

104 1189 109 1197 ’
152 1182 228 1246 tum,
249 1158 375 1236 dextera
394 1179 447 1236 tua
467 1174 576 1255 erigas,
591 1173 705 1234 virtute
726 1175 899 1263 confirmes,
921 1181 1066 1256 potestate

152 1280 276 1352 tuearis,
291 1286 384 1360 atque
407 1280 557 1341 Ecclesiae
577 1286 637 1342 ture
659 1286 784 1351 sauctae,
801 1282 970 1342 cumomni
993 1280 1067 1342 desi·

153 1389 258 1448 derata
268 1385 468 1467 prosperitate
480 1380 633 1447 restituas.
662 1387 721 1446 Per
735 1385 892 1447 Christum
907 1388 1067 1448 Dominum

152 1499 299 1554 nostrum.
341 1492 452 1551 Amen.

194 1598 245 1657 Ad
260 1601 439 1666 extremum,
455 1616 658 1677 propersonae
674 1597 832 1677 qualitate,
849 1599 997 1659 salutaria
1010 1619 1067 1658 mo·

153 1679 218 1739 nita
249 1676 381 1738 breviter
407 1679 541 1757 praebere
569 1678 691 1760 poterit,
720 1679 829 1758 quibus
861 1678 1003 1740 infirmus
1033 1679 1066 1740 ad

145 1758 342 1837 moriendum
363 1756 395 1818 in
423 1758 553 1819 Domino
574 1758 780 1829 confirmetur,
802 1766 834 1820 et
858 1760 898 1821 ad
922 1760 1068 1841 fugandas

154 1841 325 1901 daemonum
346 1838 530 1901 tentationes
547 1841 714 1899 roboretur.

194 1922 336 2001 Denique
350 1919 471 2000 Aquam
484 1919 688 1990 benedictam,
703 1925 735 1980 et
749 1919 892 1990 Crucem,-
906 1920 970 1982 nisi
983 1923 1068 1983 aliam

152 2003 271 2072 babeat,
287 2021 388 2062 coram
408 2021 443 2061 eo
458 2001 622 2081 relinquet,
638 2006 672 2060 ut
692 2000 777 2060 illam
798 2001 979 2082 frequenter
992 2000 1069 2085 aspi·

153 2081 226 2151 ciat,
241 2088 272 2142 et
285 2100 339 2161 pro
354 2101 409 2141 sua
422 2080 584 2142 devotione
597 2081 752 2141 osculetur
766 2088 798 2141 et
811 2082 1025 2160 amplectatur.

193 2160 367 2222 Admoneat
380 2159 472 2221 etiam
486 2160 667 2222 domesticos
682 2168 714 2222 et
731 2160 886 2223 ministros
900 2161 1026 2234 infirmi,
1039 2170 1070 2223 ut
1109 2216 1111 2225 .

155 2241 181 2303 si
195 2242 316 2301 morbus
330 2240 532 2321 ingravescat,
541 2242 591 2301 vel
605 2241 744 2302 infirmus
757 2240 886 2323 incipiat
899 2245 1068 2324 agonizare,

155 2320 258 2382 statim
271 2321 371 2402 ipsum
385 2320 553 2382 Parochum
564 2328 733 2392 accersant,
744 2328 780 2382 ut
793 2322 975 2387 morientem
986 2325 1068 2407 adju·

154 2407 217 2473 vet,
239 2403 365 2482 ejusque
390 2396 521 2463 animam
545 2403 611 2462 Deo
633 2404 841 2464 commendet:
868 2405 923 2469 sed
946 2406 972 2466 si
993 2425 1068 2466 mors

154 2481 320 2553 immineat,
335 2482 512 2576 priusquam
525 2483 677 2559 discedat,
690 2484 838 2544 Sacerdos
852 2484 986 2547 animam
1008 2488 1068 2546 Deo

155 2565 214 2627 rite
228 2564 459 2626 commendabrt.

195 2647 269 2720 Quae
298 2651 399 2706 autem
427 2645 582 2726 pertinent
609 2645 648 2705 ad
672 2644 877 2706 visitationem
906 2665 1067 2727 curamque

156 2726 353 2797 infirmorum,
375 2730 407 2788 et
429 2726 468 2788 ad
488 2725 642 2806 juvandos
662 2726 836 2797 morientes,
857 2726 896 2787 ad
918 2747 1066 2789 commen·

156 2807 309 2868 dationem
338 2806 456 2879 animae,
484 2814 516 2868 et
543 2806 581 2867 ad
609 2805 762 2886 exequias,
790 2807 873 2868 infra
904 2807 968 2868 suis
996 2806 1065 2869 locis
1106 2776 1111 2849 i

158 2888 402 2968 praescribuutur.
575 2896 577 2900 ’

427 3136 790 3153 wwwwvwmmuvwwm
