2234 4006
336 283 376 327 nn
399 284 597 328 sscnsunuro
615 286 767 329 usrnrsur.
970 274 1011 337 19

95 427 152 489 fiat
172 426 310 489 omnibus
329 425 549 508 accipientibus
569 426 706 509 perfecta
718 427 880 500 medicina,
894 448 1013 510 parma·

94 553 175 606 neus
196 532 229 593 in
242 533 409 594 visceribus
424 553 538 604 eorum,
552 532 584 593 in
598 533 719 594 nornine
733 534 869 615 ejusdem
889 534 1012 597 Domini

95 638 196 700 nostri
209 639 282 700 Jesu
298 637 422 709 Christi,
437 638 490 719 qui
504 645 652 701 venturus
666 645 714 701 est
728 639 868 720 judicare
882 640 967 702 vivos
981 647 1014 703 et

95 740 245 816 mortuos,
260 750 291 806 et
305 746 451 806 saeculum
464 744 644 827 perignem.
663 734 702 823 Il
724 746 836 807 Amen.
1047 822 1050 827 Ι

138 850 256 912 Dahae
275 851 417 911 immittat
436 850 579 912 modicum
597 850 672 911 salia
689 851 836 913 benedicti
856 853 892 914 a'a
910 873 944 915 oa
964 855 1012 915 in·

84 956 205 1037 scottis,
216 955 335 1016 diceus:
355 956 408 1028 N.‚
419 955 535 1038 Accipe
543 957 638 1019 salam
647 956 820 1040 sapientiae3
839 959 1012 1043 propitiatio

94 1051 140 1124 sit
154 1061 210 1123 tibi
226 1061 259 1124 in
272 1062 366 1123 vitam
380 1069 533 1124 aternam.
551 1050 591 1139 li.
614 1065 724 1126 Amen.

57 1234 62 1240 ,
142 1168 295 1229 Sacerdos.
314 1170 379 1230 Pax
393 1175 506 1230 tecum.

139 1252 181 1342 Q.
200 1275 324 1336 Etcum
339 1273 446 1355 spiritu
460 1280 525 1336 tuo.

494 1423 636 1466 0REMU8¹

175 1523 257 1586 ΕΗΒ
277 1526 403 1587 Putrum
416 1531 598 1597 nostrorum,
613 1527 698 1588 Deus
711 1527 858 1590 uniuersas
874 1530 1014 1594 conditor

188 1630 337 1701 veriatis,
348 1638 379 1693 te
391 1632 543 1713 supplices
553 1652 721 1705 exoramus,
731 1636 853 1696 uthunc
865 1637 1012 1698 famulum

100 1743 186 1798 tuum
207 1736 251 1796 N.
265 1737 418 1818 respicere
433 1714 568 1819 digneris
587 1739 746 1821 propitius,
761 1747 794 1800 at
812 1739 868 1800 hoc
881 1741 1012 1821 primum

99 1843 243 1924 pabulum
271 1842 344 1903 salis
374 1848 545 1924 gustantem
572 1863 634 1905 non
662 1842 775 1904 diutius
803 1842 917 1906 esurire
943 1864 1013 1926 per-

99 1948 215 2018 mittas,
227 1948 288 2028 quo
302 1931 400 2008 minus
415 1947 482 2009 cibo
496 1947 655 2028 expleatur
668 1947 797 2019 coelesti,
809 1948 958 2028 quatenhs
971 1952 1013 2015 sit

100 2074 220 2135 semper
239 2053 348 2135 spiritu
368 2053 502 2124 terrens,
518 2072 571 2133 spe
591 2050 738 2134 gaudens,
751 2058 804 2116 tuo
826 2074 945 2138 semper
957 2064 1022 2119 noss'

99 2159 175 2219 mini
200 2159 346 2221 serviens.
371 2158 491 2221 Perduc
516 2179 585 2220 eum
608 2158 749 2232 Domine,
769 2181 952 2241 quasumus,
973 2148 1023 2225 aul·-

99 2284 185 2326 novae
198 2265 435 2346 regenerationis
456 2263 622 2337 lavacrum,
636 2271 672 2327 ut
695 2286 764 2327 cum
787 2266 928 2330 fidelibus
950 2268 1012 2332 tuis

100 2370 332 2453 promissionum
346 2379 466 2432 tuarum
481 2378 596 2432 aeterna
615 2370 737 2453 praernia
749 2373 895 2453 consequi
915 2394 1013 2435 mere-

99 2487 181 2543 atur.
220 2478 281 2539 Per
303 2477 459 2539 Christum
483 2478 647 2540 Dominum
669 2485 816 2540 nostrum.
841 2463 880 2554 ill.
902 2480 1013 2542 Amen.

74 2604 78 2611 ·
139 2583 292 2646 Exorcizo
316 2589 347 2644 te
371 2583 525 2644 immunde
550 2583 675 2665 spiritus
698 2584 731 2645 in
755 2584 877 2646 nomine
901 2585 1013 2656 Patris,

99 2689 136 2764 {a
148 2697 182 2751 et
194 2689 276 2761 Filii,
289 2684 324 2758 tlt
337 2695 369 2750 et
383 2689 513 2772 Spiritus
525 2689 560 2762 >E
571 2689 680 2761 sancti,
694 2696 730 2752 ut
743 2710 832 2750 exeas
844 2694 876 2750 st
889 2670 1014 2753 recedas

98 2798 137 2856 ab
158 2794 214 2856 hoc
235 2795 349 2856 famulo
371 2795 429 2856 Dei
449 2795 492 2856 N.
514 2795 585 2877 lpse
599 2795 680 2855 enim
694 2794 750 2877 tihi
769 2793 907 2875 imperat,
921 2796 1012 2858 mala·

98 2901 185 2961 dicte
202 2900 355 2972 damnate,
370 2901 423 2981 qui
443 2901 571 2982 pedibus
586 2920 677 2981 super
697 2919 780 2961 mare
793 2900 969 2973 ambulavit,
983 2907 1016 2963 et

99 3008 194 3068 Petro
207 3007 356 3088 mergenti
370 3009 526 3070 dexteram
539 3005 684 3087 porrexit.

140 3115 233 3196 Ergo,
263 3114 426 3176 maledicto
459 3114 589 3184 diabole,
617 3132 799 3195 recognosce
833 3113 1015 3176 sententiam

97 3228 196 3292 tuam,
216 3227 249 3281 et
270 3220 311 3282 da
330 3220 473 3281 honorem
493 3221 559 3280 Deo
573 3219 643 3279 vivo
665 3225 697 3280 et
714 3240 797 3290 uero,
812 3221 851 3281 da
872 3219 1014 3280 honorem

98 3327 174 3389 Iesu
196 3324 319 3388 Christo
339 3327 420 3387 Filio
435 3326 511 3407 ejus,
526 3332 558 3388 et
578 3325 708 3407 Spiritui
730 3332 847 3397 sancto,
862 3331 893 3387 et
905 3324 1015 3389 recede

99 3435 139 3495 ab
152 3433 209 3494 hoc
223 3432 338 3494 famulo
351 3431 410 3493 Dei
429 3432 483 3503 N.,
498 3431 571 3512 quia
584 3431 678 3493 istum
691 3430 748 3493 sihi
763 3433 847 3493 Deus
862 3436 894 3492 et
910 3428 1014 3491 Domi·

99 3558 161 3601 uus
179 3544 284 3601 noster
296 3538 387 3601 lesus
408 3536 547 3600 Christus
561 3538 601 3600 ad
622 3558 707 3599 suam
722 3543 858 3600 sanctam
875 3534 1013 3616 gratiam
