2234 4006
200 333 203 337 ,
255 346 258 351 ,
367 291 414 333 or
431 291 724 335 ‚ssrsnrcrromnua
953 280 1013 338 rs?

89 431 122 490 A
138 430 261 513 fulgure
276 436 308 493 et
320 438 511 515 tempestate,
889 432 1014 513 Libera,¹

90 537 123 596 A
137 544 236 598 morte
255 546 410 619 perpetua,
804 589 821 609 ,.
888 537 1010 599 Libera.
1070 548 1073 553 ’

90 642 154 702 Per
167 642 346 723 mysterium
363 649 475 704 sauctae
490 642 707 704 incarnationis
721 648 793 713 tuae,
833 624 835 629 ¹
889 641 1011 704 Libera.
1082 642 1085 655 '

91 746 155 808 Per
167 747 335 835 adventum
353 754 450 818 tuum,
505 766 507 770 ’
750 810 752 815 ,
881 742 1009 810 Libera.

91 850 156 912 Per
169 851 361 914 nativitatem
375 860 469 924 tuam,
888 851 1010 915 Libera.

90 956 153 1017 Per
165 957 348 1039 baptismum
362 967 394 1020 et
408 965 546 1019 sanctum
557 959 708 1040 jejunium
722 964 818 1029 tuum,
887 957 1010 1020 Libera.
1070 942 1073 947 ’
1097 1010 1100 1015 .

90 1062 153 1123 Per
167 1083 291 1124 crucem
305 1071 336 1124 et
349 1062 519 1145 passionem
533 1072 627 1135 tuam,
886 1060 1008 1125 Libera.
1108 1115 1111 1119 .

89 1169 152 1229 Per
165 1175 293 1232 mortem
308 1176 339 1230 et
353 1171 539 1251 sepulturam
553 1178 647 1241 tuam,
885 1169 1007 1230 Libera.

90 1274 154 1336 Per
168 1281 304 1336 sanctam
318 1276 571 1337 resurrectionem
591 1282 685 1347 tuam,
884 1273 1007 1336 Libera.

88 1378 151 1439 Per
166 1377 376 1441 admirabilem*
390 1381 598 1441 ascensionem
611 1372 705 1450 tuam,
886 1379 1007 1442 Libera.

89 1483 151 1544 Per
165 1484 331 1546 adventurn
346 1485 477 1567 Spiritus
492 1487 591 1547 sancti
608 1486 764 1556 Paraeliti,
884 1486 1006 1549 Libera.

88 1589 128 1648 In
143 1588 195 1650 die
205 1589 327 1670 judicii,
722 1658 725 1663 ,
882 1592 1005 1654 Libera.

87 1694 284 1767 Peccatores,
638 1697 686 1758 Te
700 1718 839 1778 rogamus
853 1697 925 1759 audi
938 1716 1005 1759 nos.

87 1801 136 1861 Ut
149 1800 236 1862 nobis
250 1822 376 1882 parcas,·
792 1804 839 1873 Te
854 1821 1003 1882 rogamus.

87 1906 136 1967 Ut
149 1905 237 1966 nobis
252 1904 423 1988 indulgeas,
793 1906 840 1966 Te
855 1927 1003 1987 rogamus.

86 2012 134 2072 Ut
147 2010 187 2072 ad
201 2031 304 2073 veram
317 2011 528 2094 poeniteutiam
542 2029 597 2072 nos
611 2012 779 2093 perducere
792 2010 937 2093 digneris,
955 2013 1004 2074 Te

128 2136 280 2198 rogamus.

85 2221 134 2283 Ut
146 2221 319 2284 Ecclesiam
332 2227 416 2284 tuam
431 2230 566 2285 sanctam
581 2243 685 2305 regere
699 2230 731 2287 et
744 2242 922 2287 causamme
936 2225 1002 2309 dig·
1027 2226 1029 2231 ’

128 2326 223 2399 neris,
335 2408 338 2413 ἢ
428 2370 458 2391 ..
790 2329 838 2393 Te
852 2324 1002 2412 rogamus.

86 2432 133 2493 Ut
160 2431 305 2493 domnum
330 2430 554 2513 Apostolieum
579 2441 611 2498 et
636 2454 741 2497 omnes
768 2434 1002 2499 Ecclesiasticos

126 2536 251 2598 ordines
264 2537 298 2598 in
312 2544 417 2600 sancta
431 2539 576 2621 religione
594 2559 774 2601 conservare
787 2540 932 2621 digneris,
954 2541 1001 2603 Te

125 2662 278 2724 rogamus.
733 2651 740 2664 '

86 2747 132 2809 Ut
153 2746 295 2809 inimicos
312 2755 423 2811 saneta
445 2730 592 2813 Ecclesia
606 2748 764 2811 humiliare
785 2730 930 2831 digneris,
952 2750 1000 2814 Te
1076 2734 1079 2741 ¹

125 2872 278 2934 rogamus.
335 2868 338 2873 '

86 2957 131 3019 Ut
143 2957 282 3039 Regibus
292 2965 324 3020 et
337 2959 529 3041 Principibus
544 2957 725 3021 Christianis
739 2954 845 3042 pacem
856 2966 889 3023 et
897 2980 1000 3026 veram

125 3064 319 3126 concordiam
331 3065 443 3133 donare
458 3062 602 3147 digneris,
635 3067 682 3127 Te
695 3086 835 3148 rogamus
848 3068 920 3130 audi
933 3090 1000 3131 nos.

86 3168 132 3231 Ut
145 3174 258 3230 cuncto
268 3169 380 3251 populo
392 3169 565 3232 Christiano
577 3191 681 3254 pacem
693 3179 725 3233 et
737 3172 884 3235 unitatem
897 3173 1000 3256 largiri
1055 3205 1058 3209 ·

125 3273 274 3356 digneris,
787 3278 835 3340 Te
849 3301 999 3363 rogamus.

86 3378 131 3441 Ut
155 3379 358 3461 nosmetipsos
378 3379 485 3444 intuo
506 3389 611 3447 sancto
632 3383 755 3448 servitio
776 3384 946 3461 confortare
967 3393 999 3447 et

124 3503 307 3563 conservare
322 3486 467 3569 digneris,
760 3502 765 3519 ¹
784 3488 833 3550 Te
848 3509 996 3571 rogamus.

208 3580 265 3640 12*
