2234 4006
445 288 486 333 nn
506 289 665 338 arraona.
971 276 1010 335 87

169 429 228 492 ΟΝ
248 420 345 493 intres
363 428 404 493 iu'¹
416 428 570 511 judicium
590 422 660 493 cum
683 422 770 492 servo
791 434 844 493 tuo
868 407 1010 502 Domine,

188 535 260 616 quia
273 535 377 597 nullus
390 536 471 617 apud
485 543 517 601 te
528 528 865 619 ‘justificabitur'homa
879 536 938 597 nisi
957 558 1011 619 per

95 649 125 704 te
149 642 283 704 omnium
309 627 503 723 peccatorum
523 640 552 703 ei
576 642 727 704 tribuatur
751 641 899 705 remissio.
938 642 1012 704 Non
1086 720 1090 729 Ι

95 768 168 830 ergo
181 744 268 818 eum‚'
277 755 530 827 quaesumus-tuo
545 748 704 829 judicialis
718 744 869 809 sententia
883 754 1011 830 premat,

95 873 187 932 quem
208 851 264 914 tibi
277 870 350 914 vera
370 853 551 935 supplicatio
564 852 637 915 fidei
658 853 837 915 Christiane
859 871 1011 915 commen·

95 959 167 1020 dat:
189 958 243 1019 sed
257 958 354 1043 gratia
367 965 421 1021 tua
433 959 481 1021 illi
495 964 704 1031 succurrente,
715 967 867 1022 mereatur
882 959 1011 1021 evadere

91 1063 244 1144 judicium
272 1062 410 1135 ultiouis,
438 1063 491 1144 qui
517 1064 590 1125 dum
605 1065 746 1135 ¹viveret,
773 1064 936 1147 insignitus
964 1072 1013 1127 est

95 1169 254 1249 signaculo
277 1176 388 1233 sancte
412 1169 595 1231 Trinitatis:
621 1169 674 1249 qui
694 1169 773 1230 vivis
793 1177 826 1231 et
846 1188 955 1253 regnas
978 1170 1011 1232 in

94 1275 209 1336 saecula
229 1275 421 1336 saeculorum.
460 1259 499 1347 D}
521 1278 632 1336 Amen.

136 1379 253 1440 Deinde
271 1378 397 1440 Cantora
410 1380 576 1460 incipiente,
589 1378 694 1440 Clarus
707 1362 898 1445 circumstans
910 1385 1012 1444 cmtat

93 1480 216 1540 aequans
229 1460 479 1536 Rcapoasoriam:

136 1568 249 1631 Libero
262 1588 310 1628 me
324 1568 453 1629 Domine
469 1568 508 1630 de
523 1574 620 1630 morte
635 1575 757 1641 eterna,
771 1567 804 1630 in
818 1568 868 1631 die
882 1569 937 1630 illa
950 1574 1011 1630 tre·

93 1675 224 1741 menda:
266 1674 393 1751 Quando
408 1674 479 1735 coeli
496 1675 637 1736 movendi
652 1680 770 1736 suntet
789 1680 889 1735 terra:
931 1674 1011 1732 Dum

94 1779 217 1842 veneris
239 1778 379 1860 judicare
404 1760 550 1841 saeculum
574 1780 760 1863 perignem.
801 1768 842 1847 ll.
864 1777 1012 1837 Tremens

94 1888 197 1949 factus
211 1906 277 1946 sum
292 1905 357 1966 ego,
369 1890 401 1946 et
413 1885 516 1955 timeo,
528 1886 600 1945 dum
616 1884 764 1955 discussio
776 1882 905 1952 venerit,
920 1887 1012 1961 atque

93 1997 226 2052 ventura
249 1989 305 2051 ira.
344 1989 473 2065 Quando
498 1989 569 2050 coeli
594 1988 735 2070 movendi
761 1993 842 2058 sunt,
863 1993 896 2048 et
921 1990 1012 2047 terra.

93 2085 137 2168 a.
159 2095 234 2157 Dies
258 2095 323 2166 illa,
348 2095 414 2156 dics
440 2095 503 2166 irae,
526 2094 707 2173 calamitatis
732 2099 764 2173 et
788 2092 926 2164 miseria,
947 2091 1012 2153 dies

93 2222 216 2285 magna,
230 2208 263 2263 et
276 2221 376 2263 amara
389 2194 497 2282 valdee
538 2201 619 2262 Dum
633 2197 764 2261 veneris.
805 2189 846 2271 ll.
864 2197 1014 2278 Requiem

92 2317 242 2370 aeternam
262 2308 343 2368 dona
356 2307 385 2367 ei
405 2306 593 2378 Domine‚et
612 2307 666 2365 lux
685 2311 831 2387 perpetua
850 2306 954 2365 luceat
975 2303 1013 2363 ei.

93 2400 134 2489 Β).
155 2408 267 2487 Libera
281 2433 340 2485 me,
353 2397 445 2493 usquc
459 2412 500 2473 od
513 2413 647 2492 primum
660 2431 782 2472 uacum.

135 2521 218 2581 Dum
234 2525 373 2591 cantatur
392 2518 573 2600 praedictum
589 2518 836 2599 Responsorium,
852 2515 1012 2585 Sacerdos,

95 2599 252 2682 Acolytho
273 2620 327 2661 seu
348 2597 484 2661 Diacono
505 2599 708 2668 ministrante,
722 2597 835 2676 accipit
854 2597 1014 2655 incensum

93 2683 136 2742 de
149 2680 303 2751 navicula,
318 2686 350 2740 et
370 2679 456 2761 ponit
468 2678 500 2739 iu
515 2679 712 2748 thuribulum,
727 2685 759 2739 et
773 2677 860 2737 finito
874 2676 1013 2757 Respon-

94 2762 190 2832 sorio,
205 2760 321 2822 Cantor
334 2780 404 2822 cum
417 2759 514 2843 primo
528 2760 628 2821 Choro
642 2759 736 2819 dicit:
924 2764 926 2769 '

137 2865 239 2949 Kyrie
274 2864 400 2928 eleison.
446 2866 493 2927 Et
524 2864 667 2926 secundas
697 2863 810 2923 Oltam
838 2861 1013 2943 respondet.-

96 2970 224 3033 Christe
238 2971 363 3033 eleison.
404 2969 522 3032 Deinde
537 2988 637 3031 omnes
650 2967 741 3029 cimai
759 2967 886 3028 dicante
918 2967 1015 3050 Kyrie

95 3075 227 3139 cleison.

139 3181 217 3244 Mor
240 3181 390 3244 Sacerdos
403 3179 481 3242 dicit
500 3181 563 3243 alto
575 3199 662 3251 voce,
676 3178 770 3240 Pater
788 3186 895 3251 costa,
911 3185 964 3240 etc.
984 3185 1017 3241 et

96 3260 221 3324 secretd
241 3261 356 3324 dicitur
369 3264 406 3322 ab
426 3261 582 3323 omnibus:
604 3268 636 3322 et
649 3261 714 3343 ipsc
735 3260 856 3322 interim
870 3258 1016 3354 accipita

99 3340 238 3404 Diacono
251 3343 301 3404 rel
323 3342 476 3423 Acolytho
497 3342 697 3424 aspersorium
718 3342 815 3423 Aqua
835 3341 1016 3407 benedicta.
1037 3408 1039 3415 A

96 3427 132 3485 a
147 3422 234 3486 facta
252 3421 403 3506 profunda
421 3422 621 3487 inclinatione
641 3422 746 3495 Cruci,
761 3428 941 3504 quaestor
960 3418 1014 3480 ad·
