2234 4006
110 272 168 329 188
369 283 557 326 aruanro‘no
579 283 770 327 rosemanu-
854 246 857 250 ⁵

477 426 489 487 ’-
503 454 628 499 camus.

168 588 373 651 USCIPIAT
394 593 425 649 te
447 587 588 650 Christus
607 588 640 649 in
655 608 780 650 numero
802 586 943 649 fidelium
956 608 1009 649 soo-

189 716 273 757 rum:
309 701 341 756 et
366 714 433 764 nos,
461 694 536 756 licet
561 695 689 777 indigni,
710 700 752 756 te
779 695 963 775 suscipimus
988 694 1010 754 in

106 792 290 863 orationibus
311 800 434 863 nostris.
475 800 635 862 Concedat
653 800 709 861 tibi
734 800 823 861 Deus
844 820 899 882 per
920 799 1010 882 unige-

61 894 63 898 ⁷
106 908 204 968 nitum
230 924 327 979 suurn,
351 907 548 971 mediatorem
571 908 632 970 Dei
655 914 688 971 et
709 906 880 979 hominum,
906 915 1011 991 tempus

105 1013 182 1073 bend
202 1013 337 1085 vivendi,
354 1014 456 1076 locum
477 1014 554 1076 bend
574 1004 697 1096 agendi,
718 1014 925 1075 constantiam
946 1012 1028 1075 lieni·

104 1120 330 1201 perseverandi,
351 1120 391 1182 ad
415 1127 538 1183 aeternae
562 1119 633 1181 vita
656 1106 1029 1182 hereditatemfelieiter'·

104 1226 311 1306 perveniendi.
359 1228 402 1288 nt
426 1227 506 1289 sicut
530 1246 586 1289 nos
610 1225 700 1287 hodic
727 1225 867 1288 fraterna
894 1224 1009 1287 charitas

105 1330 303 1413 spiritualiter
323 1333 427 1414 jungit
451 1333 482 1393 in
507 1332 609 1404 terris,
630 1333 674 1393 ita
694 1329 800 1392 divina·
823 1330 935 1412 pietas,
954 1348 1013 1410 quo

104 1436 277 1499 dilectionis
299 1444 347 1499 est
366 1439 485 1500 auctrix
505 1446 537 1501 et
556 1438 696 1508 amatrix,
710 1456 859 1497 nos-cum
880 1435 1008 1497 fidelibus
1050 1402 1052 1547 Ι

104 1542 166 1603 suis
193 1544 378 1623 conjungere
404 1544 548 1626 dignetur
580 1540 614 1605 in
641 1542 740 1605 coelis.
787 1542 851 1604 Per
883 1542 1009 1637 cumdem
1050 1560 1052 1571 ·

104 1649 259 1711 Christum
281 1651 445 1715 Dominam
465 1657 613 1712 nostrum.
653 1633 693 1723 Q
714 1648 827 1711 Amen.

498 1834 620 1881 manus.

61 1988 65 1993 -
180 1953 329 2025 DESTO,
361 1953 502 2025 Domine,
529 1952 802 2035 supplicationibus
833 1955 963 2024 nostris,
984 1958 1010 2013 et

82 2072 87 2083 “
201 2059 280 2120 hunc
303 2060 450 2120 famulum
473 2053 562 2120 tunm
578 2079 670 2142 quem
691 2058 751 2141 (oet
772 2058 853 2121 hanc
874 2060 1010 2121 famulam

100 2172 183 2226 tuam
198 2164 312 2245 quam,)
327 2165 358 2225 in
373 2172 425 2227 tuo
440 2171 545 2227 sancto
555 2164 680 2233 nomine
694 2164 734 2233 ad
752 2165 1008 2248 participationem
1033 2142 1036 2153 Ι

100 2268 234 2329 omnium
245 2271 389 2329 bonorum
403 2270 616 2352 spiritualium,
629 2278 660 2359 et
673 2271 900 2334 fraternitatem
910 2271 1010 2353 recipi·

71 2378 74 2383 '
100 2394 168 2435 mus
182 2372 272 2454 hujus
285 2394 380 2435 sacrae
400 2376 581 2456 Religionis,
595 2379 692 2439 bcatae
706 2377 849 2459 genitrici
869 2385 934 2447 tuae
947 2378 1009 2439 Vir·

99 2484 163 2567 gini
184 2490 215 2546 et
236 2482 324 2544 matri
344 2482 454 2545 Mariae
475 2484 649 2566 specialiter
669 2484 830 2558 dedicatae,
851 2487 962 2568 benedi
980 2485 1010 2558 u<

15 2670 17 2675 Ι
100 2609 169 2651 cere
183 2587 335 2670 digneris3
356 2594 388 2650 et
403 2596 570 2669 praestant,
585 2596 616 2652 ta
636 2589 795 2670 largiente,
810 2591 1010 2673 devotus(er

98 2693 220 2775 devota)
242 2695 274 2756 in
299 2695 430 2757 ecclesia
455 2695 619 2777 persistere
638 2695 741 2758 valeat
762 2701 831 2757 cum
852 2703 1008 2780 augmento

6 2884 8 2888 Α
97 2800 253 2871 virtutum,
280 2807 372 2880 atque
397 2798 547 2891 suffragiis
574 2799 747 2881 hujusmodi
775 2802 855 2863 sacri
882 2802 1009 2865 instituti

97 2905 220 2985 adjutus
238 2906 298 2986 (vel
318 2904 447 2987 adjuta),
461 2907 555 2967 vitam
576 2907 732 2989 percipere
752 2914 910 2971 mereatur
929 2915 1008 2970 aeter·

96 3028 175 3071 nam.
217 3012 276 3071 Per
289 3011 445 3072 Christum
466 3013 630 3074 Dominum
650 3019 797 3075 nostrum.
838 2997 880 3088 ll
902 3018 1008 3078 Amen.

225 3213 447 3286 fflns'nnmcmo
468 3229 646 3297 scarnnmus
666 3231 724 3274 vnn
744 3231 882 3276 uranus.
905 3223 909 3230 '

157 3349 370 3412 AGERDOS
387 3373 541 3415 conversos
561 3360 600 3416 ad
621 3357 758 3432 hobitum,
778 3360 874 3437 dicit:
990 3424 1001 3437 ,

175 3442 216 3525 ll.
238 3457 374 3521 Ostende
386 3460 484 3533 nobis,
499 3463 640 3533 Domine,
655 3465 898 3531 misericordiam
917 3475 1011 3533 tuam

133 3551 172 3642 Id.
192 3568 234 3630 iit
246 3567 379 3631 salutare
399 3572 485 3633 tuum
499 3569 539 3633 da
552 3572 649 3637 nobis.
