2206 4004
101 305 140 360 28
339 319 379 361 on
400 319 599 361 sacrunnnro
621 320 771 363 nurrrsnr.

139 460 359 522 Admonendus
386 467 434 522 est
467 461 721 533 Catechumenus,
749 469 785 524 ut
817 468 992 543 peccatorum

99 561 221 602 suorum
241 540 398 622 poeniteat.

140 622 285 684 Amentes
310 630 342 681 et
367 620 471 681 furiosi
495 642 557 682 non
581 616 785 706 baptizentur,
807 622 866 683 nisi
890 621 995 682 talesd

98 701 258 763 nativitate
276 701 409 763 fuerint:
434 712 508 763 tunc
532 705 612 765 enirn
634 706 673 766 de
694 704 732 763 iis
757 703 839 764 idem
859 702 996 784 judiciuin

97 780 271 843 faciendum
298 790 356 852 est,
385 783 466 861 quod
496 784 534 844 de
562 785 739 854 infantibus,
766 792 858 863 atque
888 783 920 844 in
947 779 997 840 lide

97 861 244 923 Ecclesia
266 863 415 956 baptizari
435 873 572 1002 possunt.

138 942 199 1002 Sed
227 943 252 1003 si
280 943 416 1004 dilucida
463 947 572 1006 abeant
599 945 772 1015 intervalla,
798 944 870 1003 dum
897 940 998 1003 mentia

98 1030 251 1103 compotes
272 1031 354 1093 sunt,
369 1025 573 1106 baptizentur,
588 1025 614 1086 si
634 1024 742 1084 velint.
783 1025 816 1084 Si
830 1023 904 1085 vero
924 1028 998 1084 antc-

97 1123 187 1182 quam
215 1103 394 1174 insanirent,
423 1104 608 1184 suscipiendi
642 1103 791 1187 Baptismi
825 1103 1000 1165 desiderium

97 1185 296 1256 ostenderint,
311 1206 346 1246 ac
360 1184 430 1245 vitae
444 1185 613 1267 periculum
633 1185 799 1256 immineat,
813 1184 932 1246 etiarnsi
947 1201 999 1243 non

97 1264 160 1325 sint
180 1273 332 1328 compotes
345 1265 467 1336 mentis,
481 1267 685 1343 baptizentur.

136 1333 284 1425 Idemque
309 1346 472 1406 dicendum
501 1354 547 1407 est
576 1348 613 1408 de
641 1366 687 1415 eo,
713 1345 766 1424 qui
793 1334 929 1406 lelharo
955 1352 1001 1407 aut

95 1424 237 1501 phrenesi
264 1426 389 1494 laborat,
418 1433 453 1486 ut
475 1426 591 1487 tantbm
619 1425 749 1507 vigilans
774 1434 806 1485 et
831 1366 999 1508 intelligens

95 1505 286 1596 baptizetur3
306 1505 365 1565 nisi
379 1505 547 1587 periculum
561 1506 666 1567 mortis
680 1505 864 1587 impendeat,
879 1506 906 1567 si
926 1507 958 1567 in
971 1527 1001 1568 eo

95 1583 178 1665 prrbs
192 1584 330 1665 apparuit
344 1586 493 1666 Baptismi
508 1586 703 1648 desiderium.

137 1665 284 1726 Sacerdos
298 1665 461 1746 diligenter
475 1674 562 1726 curet
581 1674 616 1727 ut
629 1666 739 1727 certior
760 1665 815 1725 liat
828 1666 867 1726 de
881 1673 1001 1728 statuet

96 1744 269 1807 conditione
284 1766 385 1806 eorum
401 1745 453 1824 qui
474 1746 623 1826 baptizari
641 1753 760 1827 petunt,
774 1748 942 1825 prasertim
956 1768 1001 1808 ex·

95 1831 239 1887 tororum.
279 1828 326 1887 De
340 1827 449 1907 quibus
468 1826 551 1888 facta
564 1827 703 1908 diligenti
724 1826 922 1905 inquisitione
936 1848 1001 1888 nuru

95 1906 173 1967 alias
193 1929 228 1969 ac
243 1908 301 1969 rite
320 1907 383 1968 sint
394 1909 433 1968 ba
454 1906 553 1978 tizati,
568 1915 674 1968 caveat
692 1906 815 1985 nequis
831 1907 896 1985 jam
910 1909 1002 1989 bapti·

96 1994 195 2056 zatus,
217 1988 377 2067 imperitia,
392 1928 452 2048 vei
463 2008 575 2058 errore,
590 1996 643 2050 aut
662 1988 700 2047 ad
721 1993 884 2066 quaestunr,
899 1988 949 2048 vel
969 1990 1002 2048 ob

95 2065 185 2125 aliam
206 2087 337 2136 causam,
361 2068 467 2128 fraude
488 2068 596 2129 dolove
620 2067 728 2129 iterum
753 2067 902 2147 baptizari
923 2068 1004 2128 velit.

135 2145 247 2204 Omnes
268 2152 369 2205 autem
389 2147 428 2205 de
442 2147 562 2224 quibus,
577 2168 610 2207 re
631 2147 794 2228 diligenter
813 2146 1002 2227 investigatu,

94 2224 257 2305 probabilis
277 2224 425 2285 dubitatio
446 2233 494 2285 est
514 2246 552 2285 an
572 2227 720 2306 baptizati
738 2226 863 2295 fuerint,
883 2227 911 2287 si
931 2227 1002 2289 nihil

94 2303 178 2365 aliud
191 2302 348 2385 impediat,
363 2307 418 2363 sub
432 2305 606 2366 conditione
619 2307 823 2386 baptizentur.

135 2384 282 2444 Haeretici
295 2382 369 2444 verd
383 2384 421 2445 ad
443 2385 631 2446 catholicam
651 2387 822 2447 Ecclesiam
836 2388 1003 2455 venientes,

93 2464 126 2524 in
141 2483 268 2544 quorum
288 2464 444 2546 Baptismo
458 2465 560 2527 debita
573 2467 669 2527 forma
682 2477 735 2526 aut
748 2466 874 2527 materia
888 2476 1004 2528 servata

94 2565 155 2606 non
186 2552 243 2617 est,
272 2544 330 2605 ritd
356 2546 532 2626 baptizandi
560 2554 649 2608 sunt:
680 2547 733 2607 sed
760 2547 842 2627 pribs
870 2564 1004 2607 errorum

94 2646 215 2687 suorum
240 2626 420 2708 pravitatem
441 2636 616 2707 agnoscant,
638 2634 669 2688 et
693 2628 895 2697 detestentur,
919 2628 1004 2688 etin

93 2704 155 2768 lide
169 2706 329 2768 Catholica
342 2706 505 2786 diligenter
525 2707 731 2767 instruantur:
751 2707 803 2767 ubi
816 2706 890 2767 verd
905 2707 1004 2768 debita

92 2787 189 2848 forma
200 2793 232 2849 et
245 2787 370 2851 materia
383 2795 502 2848 servata
516 2796 573 2858 est,
588 2787 698 2848 omissa
711 2787 827 2848 tantum
843 2789 1004 2868 supplean-

92 2874 154 2938 tur,
169 2867 228 2927 nisi
242 2868 412 2930 rationabili
427 2869 466 2930 de
478 2889 569 2930 causa
582 2868 671 2928 aliter
691 2868 841 2948 Episcopo
855 2867 1004 2928 videatur.

132 2946 274 3007 Ceterum
299 2949 439 3027 legantur
463 2956 494 3010 et
516 2956 675 3010 serventur
697 2968 733 3008 ca
758 2968 824 3026 quae
852 2949 947 3028 supra
967 2949 1004 3008 de

94 3026 250 3107 Baptismo
263 3028 295 3087 in
310 3029 461 3089 communi
480 3029 657 3110 prescripta
670 3035 752 3097 sunt,
767 3029 820 3089 sol.
835 3031 864 3088 9.

126 3199 228 3260 Non.
249 3154 1004 3268 FrentanorumProvnnaraaanrmorenosn

92 3281 114 3337 ᾶ
137 3280 186 3338 Sa.
200 3279 262 3339 Mc.
275 3279 333 3337 Pio
352 3279 421 3339 ΡΡ.
443 3278 529 3339 VIII.
550 3298 717 3339 concessam
738 3286 782 3337 eat
800 3278 1004 3338 Miasiooora‘ic

92 3359 252 3420 Foederata
265 3359 409 3420 American
423 3359 584 3420 Moesum
597 3359 740 3428 omnium,
754 3362 787 3417 at
806 3359 840 3416 in
853 3357 1004 3436 Baptismo

93 3438 266 3499 Multorum
288 3438 377 3498 Ritus
400 3439 440 3500 ad
463 3438 658 3516 baptizandos
677 3438 807 3518 insontes
827 3438 861 3497 in
882 3437 1004 3499 Bitoco·

92 3520 224 3583 Romano
240 3520 444 3600 prescriptae,
460 3519 557 3601 possit
571 3516 712 3580 adbiberi.

713 3742 737 3781 ἢ
