2234 4006
189 286 191 290 ·
360 285 403 334 on
425 284 713 348 snuunrorroupnos.
905 272 972 345 ,¹⁴⁵

96 431 183 493 Eece
195 448 257 493 nou
270 428 457 500 dormitabit,
470 408 570 508 neque
584 427 725 499 dormiet,
740 428 758 466 ι
771 425 825 506 qui
840 427 974 512 custodit

56 537 171 598 lsre'e'l.

97 640 247 702 Dominus
262 640 396 702 custodit
408 648 450 712 te,
465 639 613 702 Dominus
628 628 776 720 protectio
790 645 844 702 tue
854 643 872 680 ι
875 659 973 775 super

54 767 182 831 manum
196 748 353 814 dexteram
360 752 495 839 tuem.

97 856 159 915 Per
170 852 251 914 diem
265 853 311 913 sol
325 872 386 913 non
401 829 470 914 uret
483 857 531 913 te:
523 855 562 890 ἰ’
574 871 673 932 neque
686 852 760 913 lune
773 873 828 933 per
841 857 973 914 noctem.

97 959 248 1052 Dominus
262 957 397 1037 custodit
409 963 441 1019 te
454 960 491 1019 ab
505 977 587 1028 omni
576 957 696 1018 malos
711 955 895 1021 *custodiat
908 959 988 1032 eni·-

55 1085 138 1126 mom
152 1071 235 1126 tuam
250 1043 409 1126 Dominus.
436 1064 439 1068 ’
655 1071 656 1074 ’

98 1169 248 1230 Dominus
286 1168 439 1233 custodiat
467 1157 630 1230 introitum
665 1173 761 1239 tuum,
795 1148 827 1229 ei
859 1167 974 1229 exitum

57 1281 161 1361 tuum3
176 1279 193 1314 ι
207 1294 245 1336 ex
265 1273 321 1336 hoc
338 1279 469 1357 nuncet
488 1294 584 1354 usque
605 1274 637 1333 in
658 1273 814 1334 saeculum.

100 1381 207 1442 Gloria
222 1381 317 1446 Patri.

421 1557 555 1600 PSALMUS
572 1559 615 1599 121.

128 1689 317 1751 AETATUS
339 1710 405 1753 suro
419 1690 451 1751 in
465 1689 523 1762 his,
541 1712 607 1770 quae
621 1686 704 1754 dioto
718 1698 790 1753 sunt
803 1690 894 1752 mihi:
910 1691 973 1752 *in

148 1798 271 1858 domum
285 1796 420 1859 Domini
423 1797 544 1893 ibimus.

99 1904 223 1966 Stantes
235 1909 323 1965 erant
333 1903 427 1985 pedes
438 1903 534 1964 nostri
538 1903 615 1973 ,ιίιι
628 1901 713 1963 atriis
725 1902 786 1965 turs
794 1901 973 1962 Jerusalem
1102 1972 1106 1979 .

19 1992 33 2006 ⁴
95 2010 277 2080 Jerusalem,
292 2024 360 2089 quae
375 2001 731 2071 aedificaturutoivitas:
746 2007 975 2089 *cujusparti

60 2115 170 2198 eipotio
185 2116 250 2196 ejus
270 2114 303 2177 in
317 2114 461 2196 idipsum.

94 2222 179 2283 Illuc
205 2220 286 2282 enim
310 2220 515 2282 ascenderunt
537 2219 646 2290 tribus,
672 2220 768 2281 tribus
793 2221 934 2288 Βοιιιὶιιί·
957 2225 974 2261 *

54 2327 265 2390 testimonium
280 2327 375 2389 Israel
389 2326 427 2387 ad
451 2325 545 2388 confit
546 2320 658 2388 endum
672 2326 787 2388 ιιοιιιίιιι
777 2326 935 2390 Domini.

65 2433 177 2512 Quia
198 2432 263 2494 illic
278 2432 425 2502 sederunt
445 2432 556 2494 sedes'
548 2453 580 2494 ιιι
598 2432 727 2512 judicio,
743 2435 761 2472 ἰ
774 2434 862 2495 sedes
884 2451 974 2516 super

50 2543 180 2603 domum
196 2539 308 2601 Devid.

93 2647 198 2726 Rogat
200 2664 217 2705 e
235 2663 304 2726 quae
319 2645 358 2706 od
378 2632 484 2726 paoem
498 2650 571 2706 sunt
591 2643 781 2704 Jerusalem·
773 2647 814 2681 ·*
828 2649 860 2704 et
878 2644 972 2716 abun·

48 2750 164 2815 dontio
177 2750 374 2832 diligentibus
387 2756 429 2812 te.

92 2855 168 2917 Fiat
187 2875 247 2936 pex
259 2855 292 2917 in
305 2854 420 2918 virtute
432 2860 503 2916 tua·
496 2857 536 2893 ·*
550 2859 583 2915 et
595 2852 801 2970 abundantio
793 2872 825 2913 ιιι
830 2851 973 2916 turribus

46 2962 128 3026 tuis

93 3069 227 3150 Propter
241 3067 361 3130 fratres
362 3087 458 3139 meos,
473 3071 516 3128 et
523 3063 675 3148 proximos
689 3085 781 3139 meos,
796 3073 814 3107 ἰ
827 3060 977 3147 loquebar

47 3174 281 3258 pecemdetez
346 3202 378 3227 a*
419 3166 422 3171 ’
646 3161 648 3164 ⁴

93 3282 227 3366 Propter
240 3271 363 3343 domum
383 3279 506 3344 Domini
520 3279 586 3343 Dei
599 3279 707 3353 nostri,
722 3283 739 3321 ι
753 3279 881 3362 quaesivi
890 3276 973 3342 'bone
1015 3284 1036 3317 ¹

48 3388 123 3454 tibi.
166 3387 273 3467 Gloria
286 3386 381 3452 Petri·
413 3384 416 3390 ’

175 3499 217 3556 13
