2234 4006
300 279 340 319 nn
363 279 564 321 sscnunrnro
586 278 738 321 aternu.
942 267 979 323 17

173 462 288 525 0000
317 464 529 526 BAPTISMI
557 463 870 526 PARVULORUM.

55 616 74 650 ³
194 614 276 689 Quid
291 613 369 696 petis
384 616 421 675 ab
434 613 577 676 Ecclesia
591 614 675 675 Dei?

164 743 190 798 ο,
213 719 364 780 Petrinus
378 723 551 800 respondet:
573 720 691 782 Fidem.

101 823 256 884 Sacerdos.
279 824 372 886 Fides
386 825 461 905 quid
479 825 534 887 tibi
548 812 699 909 praestat?

95 928 248 989 Petrinus
259 931 423 1010 respondet.
443 931 548 993 Vitam
561 938 717 992 aeternam.

100 1032 253 1097 Sacerdos.
278 1035 311 1096 Si
325 1034 419 1117 igitur
428 1036 475 1097 uis
489 1037 527 1098 ad
540 1036 633 1098 ritem
647 1035 776 1118 ingredi,
789 1055 877 1097 serva
891 1054 975 1095 man-

56 1141 149 1200 data:
176 1139 294 1221 Diliges
318 1141 481 1202 Dominum
504 1143 604 1204 Deum
626 1150 711 1205 tuum
735 1161 773 1202 ex
797 1140 975 1202 totocorde

54 1253 123 1315 tuo,
142 1251 237 1306 etex
259 1253 324 1308 tota
345 1246 445 1308 anima
466 1254 529 1318 tua,
544 1254 576 1308 et
598 1268 635 1308 ex
657 1253 722 1309 tota
742 1253 844 1307 mente
866 1258 929 1316 tua,
944 1255 976 1304 et

54 1350 227 1430 proximum
241 1359 328 1411 tuum
343 1351 424 1413 sicut
438 1353 579 1433 teipsum.

96 1454 215 1516 Deinde
238 1459 282 1516 ter
306 1458 441 1536 exsufflet
462 1458 570 1517 ueniter
596 1459 628 1516 in
644 1456 759 1539 socient
784 1456 923 1538 insontis,
948 1459 975 1515 et

56 1562 138 1621 dieat
161 1562 268 1622 semel:
288 1563 347 1624 Exi
368 1566 454 1625 abeo
471 1563 532 1641 (nel
545 1567 582 1625 ab
599 1564 647 1643 en)
663 1564 816 1625 immunde
838 1564 973 1645 spiritus,

56 1674 88 1728 et
103 1667 256 1727 dalocum
273 1668 400 1750 Spiritui
414 1677 519 1730 sancto
531 1670 696 1731 Paraclito.

96 1772 208 1832 Posteri
224 1774 338 1861 pollice
347 1773 450 1856 sociat
463 1776 588 1854 signum
607 1774 717 1835 Crucis
729 1777 763 1835 e’n
773 1773 880 1856 sronte
893 1781 921 1831 et
941 1774 975 1831 in

48 1882 168 1955 pectore
180 1878 317 1958 infantie,
333 1879 451 1939 dicens:
474 1880 591 1960 Accipe
605 1880 724 1958 siguum
739 1877 848 1938 Crucis
862 1878 926 1938 tam
941 1877 973 1937 iu

10 1979 13 1991 ¹
54 1983 156 2043 fronte
177 1984 213 2056 m
233 1983 326 2062 quem
350 1985 384 2045 in
406 1985 497 2045 corde
512 1985 554 2057 ᾖ,
578 2003 662 2043 sume
686 1982 777 2044 fidem
803 1983 973 2043 coelestium

55 2095 295 2170 praeceptorum3
317 2076 356 2152 et¹
369 2088 442 2153 telis
460 2095 526 2151 esto
540 2089 684 2160 moribus,
697 2096 733 2151 nt
751 2089 898 2170 templum
913 2089 972 2150 Dei
1053 2166 1058 2183 ν

51 2196 115 2273 jam
130 2214 197 2256 esse
212 2196 320 2275 possis.

448 2298 574 2340 onnnns.

123 2401 259 2462 RECES
285 2410 412 2471 nostras,
439 2421 613 2481 quaesumus
638 2376 778 2470 Doinine.
805 2403 971 2464 clementer

143 2505 273 2576 exaudi3
294 2512 327 2569 et
338 2506 419 2567 hunc
436 2508 568 2567 electum
583 2514 668 2568 tuum
683 2507 726 2568 N.
742 2506 852 2568 Crucis
867 2508 971 2568 Domi-

57 2610 135 2670 nicae
157 2610 356 2692 impressione
378 2611 528 2693 signatum
548 2620 694 2694 perpetua
706 2612 820 2673 virtute
841 2612 971 2682 custodi,

56 2721 91 2775 ut
115 2715 335 2797 magnitudinis
359 2717 465 2798 gloriae
489 2724 548 2779 tuae
569 2718 741 2778 rudimenta
761 2737 896 2787 servans,
917 2740 971 2799 per

56 2821 224 2881 custodiam
238 2822 449 2883 mandatorum
463 2830 584 2883 tuorum
600 2824 637 2883 sd
652 2822 890 2904 regenerationis
904 2825 969 2904 glu-

72 2993 117 3051 ⁸Q.
134 2993 160 3041 N
162 3028 178 3066 ·¹.
188 2993 256 3041 what
266 2992 321 3042 dost
335 2993 395 3043 thou
405 2991 452 3043 ask
461 2992 491 3042 ot
500 2993 542 3042 the
553 2993 647 3042 chureii
656 2992 687 3042 of
698 2994 768 3044 God?

83 3058 116 3177 iil
133 3055 279 3168 iiiii'uon
290 3118 351 3168 rain
361 3118 434 3187 bring
443 3119 500 3169 nee
512 3121 552 3168 tos

82 3183 114 3231 A.
131 3181 191 3231 Life
202 3182 360 3249 everiasting.
403 3236 408 3245 ,

82 3308 118 3421 ἔ.
127 3307 412 3420 ἒηὲοςίεωωάεωουε
423 3272 594 3376 diffide
604 3309 685 3360 Dieu?

110 3408 116 3420 .
152 3386 167 3419 a
202 3386 221 3419 ι.

81 3434 117 3484 D.
134 3433 266 3492 Quercus
275 3448 379 3501 procure
392 3434 416 3485 la
426 3434 476 3485 foi?

80 3498 114 3547 R.
131 3496 171 3546 La
180 3497 222 3547 rie
234 3497 361 3549 e'ternelle.

173 3591 222 3663 nt·
