2234 4006
297 289 336 331 oa
358 287 557 331 sacasnuuuo
580 286 731 331 ssrrrsru.
934 275 971 329 1³

395 482 443 533 DE
463 432 639 535 PAT‘RINIs.

128 619 332 682 AROOHUS
353 626 516 701 antequam
529 622 569 683 ad
590 621 815 703 Baptizandum
836 623 974 697 accedat,

148 701 245 772 abiis,
257 702 295 763 ad
307 708 524 783 quosspeetat,
537 702 677 783 exquirat
688 703 861 784 diligenter,
871 724 973 784 quem,
1005 732 1009 737 ·
1025 726 1052 777 ·.,

56 784 108 845 vel
131 802 208 862 quos
230 783 427 863 Susceptores
448 802 501 843 seu
519 783 660 844 Patriuos
681 783 836 864 elegerint,
853 785 906 865 qui
926 786 974 846 in·
1044 832 1061 865 ,‚

56 864 175 925 fantem
200 862 239 923 de
263 883 349 924 sacro
374 862 472 924 Fonte
493 863 671 945 suscipiant,
692 883 732 925 ne
751 865 854 946 plures
881 871 975 945 qudm
1005 888 1056 943 ‘¹⁴

58 945 164 1014 liceat,
178 950 232 1005 aut
244 943 385 1025 indignos
399 945 448 1004 'vel
463 943 582 1025 ineptos
595 944 747 1007 admittat.
1048 944 1062 1011 .’

98 1023 243 1085 Patriuus
263 1042 343 1084 unus
363 1023 491 1094 tantum,
506 1024 570 1085 sive
583 1024 632 1084 vir
645 1024 709 1086 sive
728 1022 849 1094 mulier,
863 1026 913 1086 vel
935 1027 975 1088 ad

57 1124 209 1166 summum
223 1124 301 1165 uuus
316 1111 348 1166 et
361 1124 421 1165 uua
435 1104 633 1165 adhibeantur
647 1124 685 1165 ex
699 1104 824 1165 decreto
844 1104 984 1167 Concilii'
1006 1158 1014 1168 .
1034 1122 1047 1183 ζ·
1064 1132 1068 1139 ·

57 1180 257 1245 Tridentinis
278 1185 442 1246 sedsimul
464 1203 525 1246 non
545 1184 744 1246 admittantur
765 1186 825 1245 duo
838 1185 908 1257 viri,
923 1194 976 1248 aut
991 1182 1015 1265 ’γ

50 1262 129 1326 'duae
140 1265 295 1336 mulieres,
305 1285 405 1345 neque
416 1265 511 1346 ipsius
522 1265 698 1346 baptizandi
710 1271 795 1346 pater
805 1273 858 1328 aut
869 1274 975 1329 mater.
1002 1291 1011 1299 ··
1038 1284 1059 1343 j

100 1346 169 1406 Hos
182 1350 283 1406 autem
304 1346 445 1406 Patrinos
467 1346 574 1406 saltem
593 1346 625 1406 in
640 1353 726 1407 etate
746 1346 924 1428 pubertatis,
939 1350 1012 1413 κοΐ·-
1073 1408 1077 1415 ,

59 1426 257 1488 Sacramento
278 1423 524 1487 confirmationis
545 1427 738 1508 consignatos
760 1446 826 1488 esse
847 1428 976 1490 maxime
999 1424 1015 1435 '⁸
1060 1442 1078 1487 ;.

59 1507 216 1567 convenit.
998 1512 1020 1573 μ’·
1066 1504 1070 1513 ’

98 1585 208 1647 Sciant
231 1587 379 1668 praetere&
398 1586 526 1648 Par-ochi
546 1586 585 1647 sd
606 1585 664 1647 hoc
684 1605 794 1647 munus
823 1607 884 1648 non
908 1576 976 1651 esse
1002 1604 1020 1633 ‘-

58 1665 264 1729 admittendos
284 1666 435 1749 infideles,
450 1672 503 1728 aut
519 1667 690 1737 haereticos,
704 1686 765 1726 nou
787 1667 908 1748 publice
921 1689 974 1728 ex·
991 1668 1017 1683 ’“

59 1747 281 1817 communicato
296 1752 365 1829 {uui
383 1747 573 1818 interdictos,
588 1767 649 1808 non
662 1748 784 1828 publicd
798 1747 975 1808 criminosos
1009 1740 1023 1755 ³

58 1834 111 1889 aut
130 1826 270 1925 inbep
327 1849 344 1889 c
365 1829 515 1910 praeteret
529 1828 583 1908 qui
603 1847 677 1888 sana
691 1834 791 1887 mente
812 1846 873 1887 non
893 1837 975 1897 sunt,

58 1927 114 1970 uec
137 1906 193 1988 qui
210 1906 352 1989 ignorant
371 1908 544 1969 rudimenta
564 1907 655 1967 fidei:
677 1906 742 1966 haec
757 1906 838 1966 enim
858 1906 989 1967 Petrini‘

58 1988 234 2070 spirituales
253 1986 334 2049 illios
348 2009 428 2059 suos,
444 2009 520 2068 quos
535 1988 574 2047 de
595 1985 744 2126 Baptismi
766 1986 850 2048 fonte
872 2007 975 2049 susce—

58 2068 171 2151 perint,
185 2068 238 2129 ubi
252 2088 326 2150 opus
340 2069 443 2138 tuerit,
458 2067 625 2150 opportune
661 2086 749 2127 ocere
762 2073 916 2129 tenentur.

96 2150 299 2210 Pretereaad
315 2151 371 2211 hoc
385 2149 477 2211 etiarn
489 2147 608 2210 admitti
620 2167 681 2208 non
691 2147 805 2208 debent
818 2148 975 2220 Monachi,

59 2229 107 2291 vel
123 2229 387 2301 sanctimoniales,
401 2250 502 2310 neque
516 2229 569 2290 alii
583 2227 718 2310 cujusvis
732 2227 857 2291 Ordinis
873 2231 974 2312 Regu-

59 2309 140 2372 lares
153 2311 174 2370 si
188 2311 298 2371 saeculo
315 2311 474 2394 segregati.

59 2481 104 2532 be
111 2482 286 2533 TEMPORE
297 2483 346 2533 ET
353 2483 447 2533 Loco
456 2481 743 2534 ADMINISTRANDI
754 2480 975 2534 BAPTISMUM.

21 2608 32 2619 '
134 2607 306 2669 UAMVIS
320 2608 496 2690 Baptismus
507 2608 615 2688 quovis
624 2614 769 2688 tempore,
779 2607 870 2668 etism
879 2606 974 2667 inter-

61 2614 226 2783 Qdicti
239 2694 272 2750 et
285 2689 463 2750 cessationis
478 2692 497 2749 d
511 2688 634 2758 divinis,
649 2687 813 2769 praesertim
829 2687 855 2746 si
869 2695 977 2768 urgeat

61 2768 238 2839 necessitas,
253 2769 384 2830 conferri
403 2770 517 2863 possit:
539 2776 640 2830 tamen
655 2767 715 2827 duo
734 2765 923 2861 potissimbm
937 2789 975 2829 ex

10 2894 14 2917 ,
60 2849 272 2930 antiquissimo
294 2849 442 2911 Ecclesia
455 2850 516 2911 ritu
531 2849 610 2910 sacri
631 2854 704 2908 sunt
717 2848 794 2918 dres,
809 2847 841 2907 in
864 2847 975 2941 quibus

10 2990 13 2998 ,
59 2928 189 3005 solemni
223 2930 401 2991 ceremonia
426 2931 483 2991 hoc
511 2931 742 2991 Sacramentum
769 2927 976 2990 administrari

10 3022 17 3078 l
61 3009 189 3071 maximd
203 3010 364 3081 convenit;
384 3030 493 3092 nempe
509 3011 673 3071 Sabbatum
685 3015 824 3070 sanctum
836 3010 974 3082 Paschae,

10 3121 20 3158 ι.
60 3098 91 3152 et
110 3091 276 3153 Sabbatum
296 3092 505 3163 Pentecostes,
520 3091 630 3171 quibus
651 3088 757 3151 diebus
778 3089 975 3171 Baptismalis

10 3210 18 3239 =
61 3169 152 3232 fontis
171 3191 252 3251 aqua
269 3171 327 3232 rite
348 3179 553 3233 consecratur.
593 3171 690 3246 Quem
708 3171 810 3242 ritum,
825 3170 975 3250 quatenus

10 3286 18 3321 ρ,
61 3249 125 3313 lieri
136 3252 295 3313 commode
307 3259 418 3335 potest,
433 3252 464 3312 iu
479 3251 593 3314 adultis
613 3251 816 3333 baptizandis,
831 3251 890 3313 nisi
903 3253 974 3313 ritae

12 3370 26 3396 a
59 3332 229 3413 periculum
255 3331 423 3405 immineat,
446 3332 572 3394 retineri
599 3333 699 3403 decet,
724 3339 778 3394 aut
803 3332 887 3393 certe
912 3352 974 3392 non

21 3396 26 3485 ξ
61 3411 182 3474 omuiud
204 3414 406 3493 praetermitti,
425 3413 578 3507 praecipud
601 3413 635 3476 in
655 3413 901 3496 Metropolitauis
921 3419 975 3474 aut

10 3494 26 3561 et
62 3492 295 3557 cathedralibus
315 3494 475 3557 Ecclesris.
