2206 4004
148 108 189 166 72
266 98 269 103 ’
352 118 432 161 orno
452 115 722 161 commemorns
741 114 861 159 rum.

542 315 663 360 onurro.
706 366 713 381 =

145 451 495 609 promorscnns
512 404 1048 535 inimicissimae-suos&
1102 479 1103 483 κ

234 558 266 619 in
279 557 400 619 nomine
414 556 473 618 Dei
494 556 595 618 Petris
614 555 842 637 omnipotentis,
855 556 911 639 qui
927 560 962 621 te
973 564 1047 621 erm·

146 665 210 727 vite
231 665 263 724 in
277 663 398 725 nomine
411 664 485 724 lesu
501 645 616 723 Christi
637 661 709 722 Filii
727 660 786 723 Dei
798 662 872 734 vivi,
887 663 941 747 qui
960 670 1050 746 prote

147 791 253 853 possus
265 777 330 832 este
349 770 382 830 in
393 769 514 830 nomine
529 768 660 849 Spiritus
672 768 781 840 macti,
793 769 894 848 qui-in
905 778 937 832 te
946 770 1052 839 effusus

148 883 213 939 est:
241 876 273 936 in
300 875 422 936 nomine
449 874 636 955 Angelorum
663 879 696 936 et
721 873 1001 956 Archengclorum:
1024 877 1054 937 in

148 983 269 1044 nomine
297 981 488 1049 Thronorum
515 985 546 1040 et
578 979 843 1040 Dominetionum:
876 981 912 1042 in
939 970 1053 1044 nominc

148 1089 377 1171 Principetuum
391 1093 422 1150 et
441 1088 648 1148 Potestetum:
668 1085 702 1145 in
715 1085 837 1148 nomine
850 1086 1015 1164 Cherubim
1027 1095 1055 1151 et
1096 1076 1099 1083 ¹

150 1196 323 1277 Seraphim:
343 1196 375 1254 iu
389 1194 510 1254 nomine
523 1191 766 1253 Patriercharum
780 1199 812 1254 et
824 1194 1054 1275 Prophetarum:

149 1302 181 1362 in
193 1301 312 1361 nomine
327 1306 499 1361 sanctorum
510 1299 725 1379 Apostolorum
735 1303 767 1359 et
779 1299 1054 1380 Evangelistorum:

148 1382 182 1465 in
202 1404 323 1464 nomine
341 1391 513 1463 sanctorum
533 1401 705 1484 Martyrum
719 1409 751 1464 et
771 1403 1007 1467 Confessorumz
1025 1407 1055 1469 iu

28 1547 30 1550 -
150 1509 271 1571 nomine
292 1514 463 1568 sanctorum
487 1506 707 1567 Mouechorum
727 1514 759 1569 et
781 1508 1054 1596 Eremissarumzin

151 1615 271 1677 nomine
293 1601 464 1676 sanctarum
484 1610 654 1693 Virginum,
675 1619 707 1675 et
726 1613 861 1674 omnium
880 1613 1056 1685 Sanctorum

60 1703 62 1708 ¹
151 1731 183 1785 et
204 1723 382 1784 Sanctarum
403 1719 478 1781 Dei:
506 1717 595 1779 hodie
616 1717 707 1779 sitin
727 1739 802 1800 poce
821 1720 908 1783 locus
922 1727 1010 1795 <tuus
1027 1730 1057 1791 et

52 1868 55 1873 ·
150 1828 293 1890 habitatio
314 1836 366 1889 tua
379 1827 411 1887 in
425 1831 530 1887 sancto
548 1824 631 1886 Sion.
671 1825 731 1886 Per
745 1826 884 1888 eumdem
904 1800 1060 1899 Christum·

151 1933 313 1994 Dominum
326 1938 474 1991 nostrum.
513 1919 551 2008 Il.
573 1932 683 1991 Amen.
956 1952 960 1957 ·

544 2105 664 2148 emm.

225 2240 305 2302 ΕΗΒ
320 2239 501 2309 misericors,
515 2239 599 2300 Deus
613 2239 757 2312 clemens,
772 2242 867 2314 Deus,
883 2245 937 2325 qui
951 2265 1052 2307 secun·

245 2346 315 2407 dnm
340 2343 565 2406 multitudinem
589 2345 815 2437 miserationum
837 2353 965 2435 ⁴tremum
987 2372 1052 2434 pec·

150 2461 218 2515 cate
240 2449 452 2534 poenitentium
477 2449 573 2521 deles,
599 2457 630 2512 et
653 2452 873 2532 proeteritorum
898 2456 1054 2518 criminum

150 2561 254 2640 culpas
275 2557 364 2620 venie
388 2556 572 2636 remissionis
598 2577 749 2619 evecunsr
768 2559 885 2641 respice
910 2563 1054 2644 propitius

149 2684 239 2746 super
252 2665 332 2725 huuc
342 2648 492 2727 famulum
505 2669 591 2724 tuum
604 2664 647 2726 N.
660 2669 691 2725 et
704 2663 910 2727 remissionem
924 2661 1054 2731 omnium

148 2775 341 2849 peccatorum
353 2788 476 2839 suornm
489 2775 553 2831 tote
561 2770 667 2831 ‘cordis
679 2769 868 2850 confessione
882 2779 1054 2853 poscentem

148 2874 327 2956 deprecatus
353 2870 474 2941 exiendi}
521 2876 647 2944 Renoye
667 2875 699 2937 in
726 2896 773 2948 eo,
794 2876 929 2958 piissime
955 2880 1053 2952 Pater,

147 2979 297 3060 quidquid
315 2982 437 3040 terrens
455 2978 620 3061 fragilitate
635 2988 820 3063 corruptum,
835 2983 885 3044 vel
905 2986 1054 3069 quidquid

132 3085 297 3148 *diabolice
322 3083 430 3147 froude
455 3085 601 3147 violatum
628 3093 692 3149 est:
726 3095 758 3150 et
783 3090 893 3152 unitati
921 3094 1052 3176 corporis

146 3189 293 3252 Ecclesiae
307 3190 471 3250 membrum
491 3190 865 3273 redemptionis÷annecte.
906 3197 1053 3263 Miserere

147 3294 275 3358 Domine
289 3293 465 3375 gemituum,
477 3295 618 3359 miserere
631 3299 832 3382 lacrymarum
844 3303 909 3382 ejus
919 3307 934 3362 ε’
945 3309 983 3369 ‘et
994 3325 1052 3368 non
