2234 4006
356 118 358 122 ,
384 66 430 129 ¹¹3³

190 275 195 282 ’
230 286 418 343 unnnomrro
438 288 584 332 numurus
605 281 679 332 rosr
700 289 832 332 rsnruu.
930 276 991 336 111
1111 260 1113 287 ³

116 511 165 560 DE
187 496 457 564 ΒΕΝΕΒῙΟΤΙΟΝΕ
479 470 965 568 MuLOERISPOST1PARTUM.-.

131 671 147 732 Ι
168 692 230 752 qua
243 691 392 754 puerpera
408 679 477 754 post
491 680 610 755 partum
627 674 717 753 juxta
731 677 811 756 piam
825 696 861 738 ac
882 676 988 739 lauda·

150 753 244 814 bilem
259 753 510 814 consuetudinem
525 755 564 815 ad
578 755 751 815 Ecclesiam
765 756 870 818 uenire
884 757 989 818 volue-

32 890 38 900 ,
67 834 120 904 rit,
132 854 186 915 pro
197 833 408 907 incolumitate
418 842 473 895 sua
483 836 549 896 Deo
558 835 671 915 gratias
680 843 795 907 actura,
806 836 990 919 petieritque

69 915 89 973 d
103 915 271 976 Sacerdote
284 915 539 986 benedictionem,
549 915 615 997 ipse
630 918 852 1010 superpelliceo
867 925 898 986 et
912 919 991 981 stola
1081 975 1084 979 .

67 995 139 1056 alba
158 996 296 1065 indutus,
311 1015 381 1072 cum
395 996 535 1069 ministro
555 999 752 1078 aspergillum
767 999 936 1070 deferente,
950 999 990 1060 ad

67 1075 151 1137 fores
170 1076 319 1137 Ecclesiae
341 1077 479 1147 accedat,
496 1076 549 1137 ubi
569 1077 653 1139 illam
675 1077 944 1158 genuflectentem,
958 1087 991 1142 et

68 1155 229 1217 caudelam
243 1160 410 1218 accensam
431 1157 463 1217 iu
484 1177 574 1218 mauu
597 1165 763 1229 tenentem,
779 1161 878 1240 -Aqua
897 1162 992 1223 bene·
1088 1195 1094 1209 s

68 1237 155 1304 dicta
168 1243 320 1318 aspergat,
334 1237 446 1299 deinde
461 1237 561 1329 dicat:

68 1373 69 1376 ¹
108 1327 152 1407 17.
174 1342 371 1422 Adjutorium
386 1329 524 1404 nostrum
538 1343 571 1403 in
585 1343 709 1405 nomine
723 1343 856 1406 Domini.
953 1366 962 1375 “
984 1416 987 1425 ι

110 1427 151 1517 Id.
172 1445 325 1520 Qutfeeit
339 1449 451 1513 coelum
465 1455 497 1511 et
509 1455 644 1530 terrama
703 1463 706 1466 ·
992 1441 995 1448 “

111 1577 185 1639 Ant.
207 1568 437 1677 Haec'acoipiet.

344 1776 347 1781 ’
441 1783 577 1827 PSAIMUS
591 1783 625 1826 28.

35 1983 37 1986 .
70 1876 282 2082 DOMINI
302 1930 502 2034 ffliffitvssi
520 1925 681 2008 plenitudo
694 1894 780 2006 ejus:
795 1927 813 1965 t
826 1923 907 2009 orbis
927 1929 994 2022 ter·-

168 2051 281 2104 rarum,
296 2034 328 2095 et
340 2022 476 2107 univsi'si
490 2031 544 2112 qui
557 2030 696 2100 habitant
708 2031 742 2095 iu
757 2049 803 2092 eo.
835 2022 838 2028 ’

72 2194 74 2199 .
109 2128 192 2212 doit
211 2137 278 2218 ipse
302 2157 394 2219 super
418 2136 514 2210 maria
534 2136 676 2200 fundavit
698 2133 786 2199 eum:
807 2139 826 2179 t
844 2142 877 2201 et
900 2155 990 2220 super

10 2262 14 2269 ·
69 2227 200 2302 flumina
213 2241 395 2324 preparavit
408 2262 487 2303 eum.
928 2296 930 2300 ,

112 2345 192 2423 Quis
206 2348 353 2416 ascendet
366 2347 399 2409 in
412 2353 547 2411 montem
560 2348 708 2413 Domini?
721 2351 804 2410 *aut
815 2347 886 2429 quis
900 2345 993 2410 stabit
1049 2430 1051 2435 ,

69 2454 104 2513 in
119 2453 309 2515 locosancto
324 2453 413 2533 ejus?
502 2462 504 2467 ’

112 2557 269 2618 Innocens
281 2557 420 2619 manibus
434 2562 466 2619 et
484 2558 597 2619 mundo
612 2559 715 2628 corde,
730 2560 748 2598 *
761 2556 815 2636 qui
829 2575 890 2616 non
904 2573 991 2615 acce·

69 2662 120 2744 pit
132 2662 166 2722 in
177 2682 255 2723 vauo
269 2663 400 2725 animam
415 2683 511 2734 snam,
525 2683 583 2724 nec
593 2662 711 2742 juravit
724 2662 760 2722 in
771 2661 841 2722 dolo
855 2658 992 2741 proximo

71 2788 139 2828 suo.

114 2871 177 2934 Hic
192 2873 323 2956 accipiet
342 2873 586 2935 benedictionem
601 2873 621 2930 a
634 2872 783 2934 Domino:
798 2875 816 2909 *
830 2876 862 2932 et
875 2869 993 2932 miseri·

72 2977 211 3040 cordiam
226 2979 246 3038 a
259 2981 329 3041 Deo·
340 2979 466 3063 salutari
481 3000 545 3040 suo.
743 3056 746 3060 ,

114 3084 194 3145 Haec
209 3071 258 3146 est
276 3081 646 3166 generatio'quaereutium
660 3102 746 3144 eum:
760 3086 778 3121 t
792 3081 995 3163 quaerentium

10 3190 14 3201 '
72 3188 186 3250 taciem
200 3188 261 3251 Dei
274 3191 417 3262 Jacob„
496 3237 499 3247 f
950 3250 953 3256 .

10 3284 15 3291 ⁸
114 3295 262 3356 Attollite
273 3302 376 3378 portas
388 3295 541 3377 principes
550 3301 680 3366 vestras,
689 3301 721 3357 et
729 3293 890 3356 elevamini
903 3297 995 3375 portae

68 3401 249 3464 eternales:
265 3406 282 3442 *
297 3408 329 3464 et
342 3401 480 3464 introibit
493 3403 562 3462 Rex
575 3401 690 3484 gloria.
927 3408 928 3412 ’
