2234 4006
306 302 346 347 nu
366 303 565 346 sucmunnro
587 304 738 373 Burrieni.
939 294 978 352 29

143 448 259 508 ORDO
292 449 535 510 SUPPLENDI
571 451 729 511 OMISSA
764 450 901 512 SUPER

316 556 319 561 ·
373 530 675 591 BAPTIZATUM.

131 653 200 712 UM
230 660 355 734 urgente
382 655 488 716 mortis
516 656 661 736 periculo,
688 656 736 716 vel
766 657 826 718 alia
852 665 993 739 cogente·
1017 644 1022 651 ¹
1056 690 1061 696 ·

150 734 345 804 necessitate,
367 735 431 796 sive
456 738 611 816 parvulus,
636 738 699 797 sive
724 737 858 808 adultus,
884 740 977 799 sacris
1051 772 1056 786 ·

60 812 209 873 Precibus
224 835 259 874 ac
281 815 477 876 Caeremoniis
493 817 713 897 pretermissis,
728 819 821 878 suerit
840 819 976 900 baptiza-

60 899 122 963 tus,
144 894 198 953 ubi
218 895 416 966 convaluerit,
432 897 481 956 vel
504 898 668 958 cessaverit
688 898 868 978 periculum,
887 906 919 958 et
938 900 976 959 ad

60 970 236 1034 Ecclesiam
251 975 494 1047 delatus-'fuerit
509 979 619 1038 omissa
639 979 739 1038 onmia
760 999 816 1058 sup
838 980 975 1039 leantur:

60 1052 205 1133 idemque
233 1057 305 1115 ordo
334 1077 369 1116 ac
397 1057 474 1121 ritus
501 1067 650 1129 servetur,
679 1059 731 1138 qui
761 1058 792 1118 in
849 1060 976 1139 aptismo

61 1136 257 1213 parvulorum
285 1136 322 1216 (si
350 1137 444 1197 fuerit
470 1139 626 1219 parvulus)
655 1159 707 1199 seu
737 1138 907 1199 adultorum
939 1140 976 1220 (si

61 1213 155 1275 suerit
171 1216 308 1293 adultus)
324 1217 517 1298 prescriptos
532 1223 607 1279 est*
637 1220 774 1300 Excepto
786 1219 866 1299 quod
883 1220 976 1280 inter-

61 1296 188 1373 rogatio,
214 1296 265 1356 An
290 1298 366 1357 velit
392 1299 551 1378 baptizari,
577 1299 733 1378 formaque
761 1300 920 1380 Baptismi,
946 1308 977 1360 et

10 1424 22 1441 ,
61 1376 176 1437 ablutio
204 1378 488 1457 praetermittuntur,
517 1394 548 1440 et
574 1380 713 1458 quaedam
748 1378 917 1451 Orationes,
946 1391 977 1441 et

11 1522 15 1527 ¹
61 1455 232 1516 llxorcismi
241 1478 295 1517 suo
305 1457 418 1539 quique
428 1459 495 1519 loco
504 1460 664 1530 immutati,
675 1468 711 1521 ut
720 1460 812 1531 infra,
823 1460 976 1522 dicuntur.

103 1540 247 1613 Sacerdos
259 1554 365 1632 igitur,
377 1560 531 1634 antequam
544 1558 690 1618 immittat
704 1558 798 1618 salem
811 1561 845 1618 in
860 1578 891 1617 os
906 1560 973 1637 bop-

62 1653 160 1724 tizati,
176 1672 291 1714 acanum
306 1674 393 1734 super
406 1660 495 1735 'caput
514 1657 579 1737 ejus
591 1657 749 1736 imponeris,
764 1658 855 1716 dicit.-

208 1760 335 1832 oimmos.
706 1793 826 1834 enarro.

10 1935 12 1938 ψ
128 1894 387 1955 MNIPOTENS
414 1894 596 1975 sempiterne
619 1896 714 1964 Deus,
737 1895 828 1954 Pater
853 1893 975 1954 Domini

148 2000 245 2061 nostri
256 2001 329 2061 Jesu
344 1994 470 2071 Christi,
482 1999 632 2079 respicere
647 1998 780 2079 digneris
792 2020 881 2080 super
895 1999 974 2060 hunc

60 2104 207 2166 famulum
229 2113 315 2165 tuum
336 2105 378 2165 N.
402 2125 492 2184 quem
513 2102 626 2163 dudum
648 2105 686 2165 ad
708 2104 881 2166 rudimenta
902 2103 974 2165 fidei

60 2231 169 2273 vocare
190 2211 332 2291 dignatus
353 2230 404 2281 es;
426 2230 544 2270 omnem
566 2210 734 2272 caecitatem
759 2211 859 2271 cordis
880 2213 917 2272 ab
940 2232 974 2271 eo

59 2317 197 2396 expelle:
221 2315 375 2396 disrumpe
389 2334 492 2385 omnes
506 2316 631 2394 laqueos
646 2323 769 2386 satane,
785 2316 894 2394 quibus
908 2315 974 2375 sue-

59 2428 106 2482 rat
127 2421 308 2502 colligatus:
329 2421 412 2501 aperi
427 2420 455 2480 ei
475 2421 605 2482 Domine
621 2420 888 2512 januamxpietatis
902 2427 973 2489 tuae,

58 2535 93 2588 ut
106 2527 194 2609 signo
209 2525 365 2607 sapientia
386 2532 447 2586 tuae
462 2526 605 2596 imbutus,
620 2527 753 2587 omnium
774 2525 973 2608 cupiditatum
993 2594 994 2598 η

57 2627 218 2689 foetoribus
239 2632 352 2698 careat,
367 2633 398 2687 et
411 2627 450 2687 ad
472 2647 594 2687 suavem
612 2627 734 2687 odorem
755 2630 974 2706 preceptorum

57 2740 191 2795 tuorum'
202 2733 291 2794 laetus
305 2732 361 2792 tibi
381 2732 413 2793 iu
429 2732 569 2794 Ecclesia
590 2738 643 2792 tua
657 2729 819 2800 deserviat,
834 2737 866 2789 et
882 2728 974 2810 profi·

59 2839 120 2901 ciat
132 2839 173 2899 de
188 2837 238 2899 die
252 2838 284 2897 in
298 2837 390 2908 diem,
402 2845 438 2899 ut
450 2837 579 2898 idoneus
590 2836 631 2897 sit
643 2835 705 2896 frui
717 2833 814 2916 gratia
825 2834 974 2918 Baptismi

59 2944 114 3016 tui,
143 2963 235 3023 quem
264 2942 409 3025 suscepit,
437 2942 510 3003 salis
543 2947 687 3024 percepta
713 2939 883 3017 medicina,
914 2941 975 3003 Per

60 3049 200 3111 eumdem
223 3048 379 3109 Christum
402 3047 564 3118 Dominum
585 3053 732 3131 nostrum.
752 3034 791 3122 ld.
813 3047 923 3107 Amen.

99 3150 220 3212 Deinde
225 3153 419 3229 posteaquam
429 3148 578 3209 modicum
589 3148 664 3206 salia
673 3148 803 3207 immisit
816 3148 849 3207 in
860 3167 892 3207 οε
905 3148 974 3226 bap-

10 3332 13 3337 ·
60 3258 160 3329 tizoti,
174 3257 295 3315 diceas:
319 3253 435 3335 Accipe
450 3255 543 3315 salem
565 3252 732 3334 sapientiae,
746 3251 919 3334 propitiatio
934 3252 976 3314 sit

10 3364 13 3443 ξ
60 3364 113 3427 tibi
126 3364 160 3424 in
173 3362 269 3425 vitam
284 3367 437 3422 aeternam.
457 3339 496 3423 Ill.
518 3360 627 3419 Anien.
651 3356 773 3437 ‘Dicite
796 3369 799 3375 ’

91 3513 141 3563 'In
161 3512 223 3561 hisce
239 3509 369 3565 Faernus
384 3507 500 3556 umente
522 3505 716 3582 Septentrioaolir
732 3505 874 3561 Provinciae,
894 3519 974 3565 vigore

10 3576 12 3627 ἱ
58 3573 377 3638 meduanam
388 3576 566 3628 commemorati,
575 3571 623 3635 fol.
635 3572 674 3628 28,
685 3570 742 3618 ordo
752 3567 876 3630 supplendi
886 3567 973 3616 omisso
1088 3608 1090 3615 ,

59 3639 121 3690 idem
136 3644 171 3690 eat
181 3653 230 3702 pro
239 3636 336 3689 amne
344 3649 375 3685 cc
384 3649 432 3699 pro
442 3633 563 3684 Porculis.

212 3730 253 3788 3*
