2234 4006
107 327 125 385 6
395 342 528 386 urrunsa
549 344 707 387 munus.

145 486 345 561 Quamobrem
371 484 449 546 illud
483 484 630 567 perpetuo
664 485 792 556 curabit,
820 493 856 546 ut
886 486 1019 568 integre,

107 567 201 636 caste,
228 565 338 659 pieque
364 565 458 628 vitam
485 573 573 647 agate
593 584 664 627 nam
683 567 742 627 etsi
763 567 960 649 Sacramenta
980 571 1019 628 ab

105 646 232 728 impuris
254 646 443 727 coinquinari
463 665 523 707 non
546 646 675 728 possint,
689 667 789 726 neque
805 648 825 706 a
843 649 945 728 pravis
960 649 1018 708 mi·

104 727 210 799 nistris
238 747 342 788 eorum
368 725 494 788 effectus
520 725 690 808 impediri3·
712 727 829 809 impure
855 735 958 789 tamen
987 736 1019 790 et

103 806 228 888 indigne
254 827 291 868 ea
309 806 527 877 ministrantes,
554 807 588 866 in
614 817 738 868 aeternae
766 807 872 868 mortis
898 815 1018 869 reatum

103 887 276 949 incurrunt.
316 888 462 950 Sacerdos
482 907 564 967 ergo,
582 887 608 954 si
628 887 723 949 fuerit
741 888 859 968 peccati
880 890 1018 950 mortalis

105 968 162 1029 sibi
174 968 314 1029 conscius
325 966 419 1049 (quod
430 967 532 1047 absit),
545 967 583 1027 ad
598 970 859 1033 Sacramentomm
870 969 1018 1031 adminis-

103 1049 265 1109 trationem
279 1068 338 1110 non
352 1048 464 1110 audeat
475 1048 632 1119 accedere,
644 1048 703 1109 nisi
715 1048 798 1130 prius
813 1050 904 1111 corde
917 1050 1018 1130 poeni·

103 1135 184 1189 teat:
208 1128 261 1190 sed
285 1129 308 1189 si
331 1129 439 1190 habeat
463 1127 580 1209 copiam
601 1128 798 1201 confessarii,
819 1135 852 1191 et
871 1131 1018 1212 temporis

104 1209 228 1288 locique
241 1209 318 1270 ratio
333 1209 422 1279 ferat,
437 1208 580 1270 convenit
593 1208 743 1271 confiteri.

144 1289 342 1369 Quacumque
370 1288 431 1350 diei
465 1309 501 1350 ac
528 1289 628 1350 noctis
654 1289 727 1351 hora
753 1289 791 1350 ad
820 1289 1019 1352 Sacramenta

101 1369 305 1431 ministranda
323 1370 490 1441 vocabitur,
511 1370 627 1431 nullam
648 1369 745 1430 officio
767 1390 821 1430 suo
841 1371 1017 1450 praestando

104 1449 286 1530 (presertim
309 1450 335 1511 si
358 1448 524 1511 necessitas
551 1447 669 1532 urgeat)
694 1470 808 1510 moram
831 1449 1017 1533 interponat.

104 1534 153 1591 Ac
167 1533 329 1612 propterea
346 1532 493 1623 populum
513 1531 602 1612 saepe,
616 1537 707 1612 prout
720 1551 787 1592 sese
801 1529 908 1592 offeret
927 1552 1017 1593 occa·

104 1610 160 1681 sio,
175 1611 380 1691 premonebrt,
394 1617 430 1671 ut
443 1609 510 1671 cum
525 1630 610 1672 sacro
632 1611 799 1672 ministerio
820 1631 894 1690 opus
911 1611 1017 1683 fuerit,

103 1711 135 1752 se
164 1689 381 1773 quamprimum
403 1690 542 1762 advocet,
566 1690 653 1751 nulla
672 1691 816 1773 temporis
836 1698 890 1753 aut
912 1694 1016 1772 cujus-

104 1792 234 1853 cumque
247 1771 430 1834 incommodi
443 1769 545 1831 habita
558 1771 684 1833 ratione.

143 1854 214 1934 Ipse
225 1853 299 1914 verd
313 1860 475 1933 antequam
488 1851 527 1913 ad
538 1850 710 1932 hujusmodi
721 1850 1016 1914 administrationem

101 1933 239 2004 accedat,
259 1932 425 2016 paululum,
447 1931 473 1993 si
493 1931 701 2014 opportunitas
722 1931 853 2000 dabitur,
874 1933 1016 2005 orationi,

26 2074 29 2081 ,
102 2021 135 2075 et
161 2032 253 2073 sacra
278 2014 323 2075 rei
343 2033 435 2093 qnam
455 2021 579 2074 acturus
601 2019 649 2074 est
667 2011 857 2072 meditationi
884 2015 1015 2084 vacabit,

102 2102 194 2173 atque
205 2091 342 2152 ordinem
353 2092 545 2153 ministrandi
557 2101 589 2155 et
602 2091 796 2154 caeremonias
807 2112 861 2173 pro
870 2095 1016 2175 temporis

101 2173 198 2256 spatio
212 2171 392 2253 praevidebit
405 2178 436 2232 et
446 2172 593 2253 perleget.

141 2254 179 2313 In
193 2251 275 2313 omni
289 2253 553 2312 Sacramentomm
573 2250 834 2315 administratione
857 2255 1014 2335 superpel-

100 2334 180 2395 liceo
194 2333 235 2393 sit
253 2332 391 2403 indutus,
405 2339 437 2393 et
450 2331 580 2413 desuper
600 2333 679 2393 stola
698 2335 763 2413 ejus
786 2333 907 2404 coloris,
922 2355 1014 2412 quem

101 2411 290 2476 Sacramenti
304 2411 381 2473 ritus
401 2410 549 2491 exposcit,
563 2411 622 2474 nisi
640 2413 672 2473 in
693 2414 889 2474 Sacramento
910 2414 1014 2475 Poeni-

100 2495 204 2556 tentia
218 2491 417 2553 ministrando
438 2492 568 2565 occasio,
582 2493 631 2553 vel
647 2493 845 2564 consuetudo,
860 2495 910 2555 vel
925 2495 1013 2557 locus

99 2575 255 2637 interdum
268 2573 357 2635 aliter
370 2571 507 2634 suadeat.

141 2653 307 2716 Adhibebit
333 2673 455 2733 quoque
489 2669 583 2713 unum
617 2654 736 2723 saltem,
764 2655 790 2715 si
817 2654 935 2725 habeat,
961 2657 1012 2716 vel

121 2739 205 2799 lares
219 2734 358 2804 clericos,
372 2740 464 2814 prout
476 2732 537 2795 loci
556 2740 589 2795 et
610 2734 797 2796 Sacramenti
817 2735 893 2796 ratio
906 2744 1013 2816 postu·

99 2759 187 2886 labit,
201 2814 323 2877 decenti
335 2813 438 2876 habitu
460 2821 492 2875 et
511 2814 731 2895 superpelliceo
745 2816 858 2897 pariter
877 2815 1012 2877 indutos.

141 2897 270 2958 curabit
301 2894 392 2956 etiam
419 2900 454 2957 ut
486 2912 574 2956 sacra
606 2895 754 2976 supellex,
782 2903 894 2965 vestes,
922 2917 1012 2958 orna·

99 2984 213 3047 menta,
241 2974 428 3046 linteamina,
453 2981 491 3037 et.
508 2995 583 3037 vasa
601 2975 761 3038 ministerii
787 2977 916 3056 integra,
938 2977 1011 3040 niti·

99 3059 201 3137 daque
215 3056 288 3126 sint,
301 3063 334 3116 et
346 3055 469 3117 munda.
593 3055 595 3060 ’

139 3139 176 3198 ln
185 3138 447 3198 Sacramentomm
459 3134 728 3206 administratione,
739 3157 842 3198 eorum
853 3136 1009 3209 virtutem,

98 3238 187 3278 usum
210 3237 246 3278 ac
259 3216 435 3287 utilitatem,
449 3222 481 3277 et
494 3216 740 3286 ceremoniarum
761 3216 1009 3298 significationes,

97 3305 134 3360 ut
161 3298 336 3359 Concilium¹
357 3295 574 3358 Tridentinnm
596 3297 744 3390 precipit,
769 3318 807 3360 ex
835 3306 1008 3359 sanctorum

98 3380 224 3451 Petrum
238 3384 270 3440 et
283 3377 467 3441 Catechismi
482 3378 609 3437 Romanu
622 3377 771 3450 doctrina,
785 3379 836 3440 ubi
850 3380 1008 3440 commode

98 3459 165 3523 lieri
179 3459 301 3541 poterit,
315 3458 478 3541 diligenter
491 3454 665 3539 explicabit.
710 3530 716 3537 ,

136 3541 216 3603 Dium
231 3541 459 3603 Sacramentum
472 3536 596 3619 qliquod
611 3535 771 3612 ministrat,
787 3539 905 3622 singula
915 3543 1009 3603 verba
