2234 4006
100 271 158 328 144
383 285 422 327 nn
444 284 733 329 nnunmomoumoo.

60 487 64 491 .
96 433 217 490 tuorum
237 416 365 498 meritis,
379 428 452 510 fuga
467 427 648 499 doemonum,
663 408 776 509 Angeli
790 426 880 509 pacis
902 427 1011 510 ingros-

96 552 158 595 eus.
197 534 258 595 Per
271 533 435 594 Dominum
449 541 585 596 nostrum
600 536 705 597 lesum
726 532 890 595 Christum
907 534 1011 596 Filium

37 713 41 725 ,
96 645 194 710 tuum,
215 637 269 719 qui
289 645 390 700 tecum
412 639 490 700 vivit
510 645 542 701 et
561 646 669 721 regnat
689 639 721 700 in
741 626 868 703 unitate*
887 639 1012 722 Spiritus

97 743 194 806 nancti
212 744 307 814 Deus,
322 765 376 826 per
390 745 490 834 omnia
504 746 618 807 saeoula
631 745 821 810 seculorum.
865 747 979 815 Amen.

102 912 108 921 ,
137 849 196 908 Ha
216 850 303 910 dictio
325 851 446 912 inchoat
466 850 686 930 Antiphonem:
702 930 706 941 Ι
722 851 862 921 Benedio
890 852 1012 914 Domine

3 970 6 975 ·
97 954 218 1015 domum
252 954 342 1016 istam
373 957 488 1017 nomini
522 964 575 1019 tuo
608 955 799 1029 adificatam,
828 977 897 1018 cum
926 959 1012 1018 trum

59 1116 61 1120 ,
97 1059 232 1120 Pootmio
251 1062 448 1140 sequentibus,
466 1062 628 1123 uidelicet.-
672 1115 675 1119 .

458 1252 593 1295 remmus
611 1252 654 1294 no.
754 1225 757 1230 ’

176 1389 203 1448 Ι)
226 1385 400 1458 Dominum,
415 1385 482 1447 obm
500 1385 662 1451 tribularer
676 1385 825 1477 clamavit
839 1389 857 1424 t
872 1393 906 1448 et
926 1407 1010 1448 exou-

174 1493 274 1570 ‚divit
287 1513 345 1552 me.
439 1540 442 1547 .
732 1500 735 1505 ’
868 1554 872 1558 .

138 1599 268 1661 Domine
282 1597 377 1659 libera
384 1597 519 1658 animam
533 1596 631 1660 meam
646 1597 665 1655 t
678 1597 766 1658 labiis
780 1597 912 1678 iniquis.
924 1603 941 1638 *
951 1599 1011 1661 etl

69 1742 72 1746 ·
100 1707 205 1793 lingua
224 1706 340 1766 dolosa

140 1812 222 1887 Quid
242 1812 332 1872 detur
351 1810 418 1882 tibi,
438 1816 491 1872 aut
510 1810 584 1891 quid
605 1817 773 1892 apponatur
793 1811 883 1872 tibi*
879 1814 936 1874 ad
956 1812 1010 1874 lin·

37 1975 40 1980 .
100 1939 189 2000 guam
202 1917 363 1979 dolosam?

141 2023 267 2104 Sagittae
287 2020 420 2103 potentis
441 2027 549 2092 acuta,
564 2024 581 2059 *
602 2040 670 2082 oum
694 2021 876 2084 carbonibus
898 2024 1010 2086 desolo·

100 2129 198 2191 toriis.

25 2194 41 2247 ’Φ
142 2223 211 2282 Heu
237 2220 320 2292 mibi,
344 2221 415 2300 quia
438 2220 589 2284 incolatus
617 2202 702 2284 meus
726 2226 927 2309 prolongatus
951 2233 1011 2299 est;

102 2326 234 2390 habitavi
253 2346 328 2388 >oum
355 2326 558 2388 habitantibus
584 2329 702 2391 Cedat·
723 2334 741 2369 ¹*
760 2331 895 2421 multllm
917 2335 1011 2396 incola

101 2433 161 2496 fuit
174 2431 276 2493 anima
286 2451 363 2492 mea

142 2540 220 2614 Cum
234 2537 280 2598 his
295 2557 349 2618 qur
339 2537 495 2598 oderunt
509 2558 625 2635 pacem,
640 2560 721 2602 eram
735 2542 935 2638 pacificum*
949 2544 1008 2608 crin

101 2647 246 2728 loquebar
262 2644 336 2715 illis,
350 2643 566 2726 impugnabant
586 2666 634 2708 me
647 2668 700 2730 gra
702 2647 752 2708 tis.
792 2649 903 2714 Gloria
923 2653 1009 2716 Patri.

373 2885 376 2893 ,
457 2843 591 2884 Psnbmus
607 2844 651 2884 loo.

169 2975 304 3035 EVAVI
328 2975 432 3036 oculos
456 2996 538 3037 meos
562 2975 593 3036 in
619 2983 748 3050 montes,
769 2983 786 3018 ¹*
806 2982 891 3064 unde
913 2983 1008 3046 veniet

191 3080 433 3141 auxiliummm.
862 3063 864 3067 ’

139 3185 297 3246 Auxilium
320 3205 420 3246 meum
444 3187 463 3244 b
483 3187 658 3261 Domino*
679 3189 732 3272 qui
752 3189 829 3255 feeit
848 3196 960 3257 coelum
980 3201 1007 3257 er

99 3299 222 3354 terram.
736 3275 741 3281 θ

126 3397 212 3458 ⁴Non
233 3395 287 3456 det
310 3393 342 3456 in
366 3396 594 3462 commotionem
618 3402 727 3484 pedem
749 3409 852 3468 tauma
874 3411 892 3449 ¹
913 3427 1006 3490 neque

99 3502 242 3567 dormitet
255 3501 464 3586 quioustodit
478 3509 518 3566 te.
