<?xml version="1.0" encoding="UTF-8"?>
<!DOCTYPE html PUBLIC "-//W3C//DTD XHTML 1.0 Transitional//EN"
    "http://www.w3.org/TR/xhtml1/DTD/xhtml1-transitional.dtd">
<html xmlns="http://www.w3.org/1999/xhtml" xml:lang="en" lang="en">
 <head>
  <title>
</title>
<meta http-equiv="Content-Type" content="text/html;charset=utf-8" />
  <meta name='ocr-system' content='tesseract 3.04.00' />
  <meta name='ocr-capabilities' content='ocr_page ocr_carea ocr_par ocr_line ocrx_word'/>
</head>
<body>
  <div class='ocr_page' id='page_1' title='image "./compendiumritua00mdgoog_0149.png"; bbox 0 0 2234 4006; ppageno 0'>
   <div class='ocr_carea' id='block_1_1' title="bbox 156 39 1101 335">
    <p class='ocr_par' dir='ltr' id='par_1_1' title="bbox 156 39 1101 335">
     <span class='ocr_line' id='line_1_1' title="bbox 156 39 1101 335; baseline -0.001 -2"><span class='ocrx_word' id='word_1_1' title='bbox 156 276 215 333; x_wconf 78' lang='lat' dir='ltr'><strong>las</strong></span> <span class='ocrx_word' id='word_1_2' title='bbox 437 289 477 331; x_wconf 81' lang='lat' dir='ltr'><strong>aa</strong></span> <span class='ocrx_word' id='word_1_3' title='bbox 499 289 787 333; x_wconf 82' lang='lat' dir='ltr'><strong>aauamorroumos.</strong></span> <span class='ocrx_word' id='word_1_4' title='bbox 861 328 866 335; x_wconf 88' lang='lat'>.</span> <span class='ocrx_word' id='word_1_5' title='bbox 1089 39 1101 305; x_wconf 74' lang='lat' dir='ltr'><strong>d</strong></span> 
     </span>
    </p>
   </div>
   <div class='ocr_carea' id='block_1_2' title="bbox 122 414 1096 2623">
    <p class='ocr_par' dir='ltr' id='par_1_2' title="bbox 122 414 1096 2623">
     <span class='ocr_line' id='line_1_2' title="bbox 155 414 1089 514; baseline 0 -21"><span class='ocrx_word' id='word_1_6' title='bbox 155 432 202 495; x_wconf 81' lang='lat' dir='ltr'><strong>nt</strong></span> <span class='ocrx_word' id='word_1_7' title='bbox 219 437 338 494; x_wconf 80' lang='lat' dir='ltr'><strong>mentes</strong></span> <span class='ocrx_word' id='word_1_8' title='bbox 359 436 478 493; x_wconf 88' lang='lat' dir='ltr'><strong>nostras</strong></span> <span class='ocrx_word' id='word_1_9' title='bbox 498 432 537 494; x_wconf 88' lang='lat' dir='ltr'><strong>ad</strong></span> <span class='ocrx_word' id='word_1_10' title='bbox 559 432 697 494; x_wconf 79' lang='lat' dir='ltr'><strong>coelestia</strong></span> <span class='ocrx_word' id='word_1_11' title='bbox 716 414 871 493; x_wconf 86' lang='lat' dir='ltr'><strong>desideria</strong></span> <span class='ocrx_word' id='word_1_12' title='bbox 891 431 1004 514; x_wconf 80' lang='lat' dir='ltr'><strong>erigas,</strong></span> <span class='ocrx_word' id='word_1_13' title='bbox 1027 432 1065 493; x_wconf 84' lang='lat' dir='ltr'><strong>Te</strong></span> <span class='ocrx_word' id='word_1_14' title='bbox 1086 450 1089 455; x_wconf 69' lang='grc'>’</span> 
     </span>
     <span class='ocr_line' id='line_1_3' title="bbox 196 556 348 618; baseline -0.013 -20"><span class='ocrx_word' id='word_1_15' title='bbox 196 556 348 618; x_wconf 80' lang='lat' dir='ltr'><strong>rogamus.</strong></span> 
     </span>
     <span class='ocr_line' id='line_1_4' title="bbox 157 641 1067 724; baseline 0 -21"><span class='ocrx_word' id='word_1_16' title='bbox 157 642 204 703; x_wconf 86' lang='lat' dir='ltr'><strong>Ut</strong></span> <span class='ocrx_word' id='word_1_17' title='bbox 227 641 365 703; x_wconf 90' lang='lat' dir='ltr'><strong>omuibus</strong></span> <span class='ocrx_word' id='word_1_18' title='bbox 389 643 633 705; x_wconf 82' lang='lat' dir='ltr'><strong>benefactoribus</strong></span> <span class='ocrx_word' id='word_1_19' title='bbox 653 642 766 704; x_wconf 87' lang='lat' dir='ltr'><strong>nostris</strong></span> <span class='ocrx_word' id='word_1_20' title='bbox 789 643 979 724; x_wconf 87' lang='lat' dir='ltr'><strong>sempiterna</strong></span> <span class='ocrx_word' id='word_1_21' title='bbox 1001 645 1067 703; x_wconf 88' lang='lat' dir='ltr'><strong>bona</strong></span> 
     </span>
     <span class='ocr_line' id='line_1_5' title="bbox 122 743 1067 831; baseline 0 -24"><span class='ocrx_word' id='word_1_22' title='bbox 122 743 125 747; x_wconf 67' lang='grc'><strong>’</strong></span> <span class='ocrx_word' id='word_1_23' title='bbox 198 745 359 819; x_wconf 79' lang='lat' dir='ltr'><strong>retribuas,</strong></span> <span class='ocrx_word' id='word_1_24' title='bbox 865 747 916 809; x_wconf 87' lang='lat' dir='ltr'><strong>Te</strong></span> <span class='ocrx_word' id='word_1_25' title='bbox 929 768 1067 831; x_wconf 81' lang='lat' dir='ltr'><strong>rogamus.</strong></span> 
     </span>
     <span class='ocr_line' id='line_1_6' title="bbox 158 851 1096 934; baseline 0.003 -22"><span class='ocrx_word' id='word_1_26' title='bbox 158 851 338 914; x_wconf 68' lang='lat' dir='ltr'><strong>neruimes</strong></span> <span class='ocrx_word' id='word_1_27' title='bbox 358 860 489 925; x_wconf 87' lang='lat' dir='ltr'><strong>nostras,</strong></span> <span class='ocrx_word' id='word_1_28' title='bbox 508 854 647 924; x_wconf 80' lang='lat' dir='ltr'><strong>fratrum,</strong></span> <span class='ocrx_word' id='word_1_29' title='bbox 667 853 921 934; x_wconf 83' lang='lat' dir='ltr'><strong>propinquorum,</strong></span> <span class='ocrx_word' id='word_1_30' title='bbox 936 862 970 916; x_wconf 89' lang='lat' dir='ltr'><strong>et</strong></span> <span class='ocrx_word' id='word_1_31' title='bbox 988 856 1067 915; x_wconf 85' lang='lat' dir='ltr'><strong>bene·</strong></span> <span class='ocrx_word' id='word_1_32' title='bbox 1093 902 1096 915; x_wconf 91' lang='lat'><em>.</em></span> 
     </span>
     <span class='ocr_line' id='line_1_7' title="bbox 197 957 1067 1021; baseline 0.001 -2"><span class='ocrx_word' id='word_1_33' title='bbox 197 957 347 1021; x_wconf 80' lang='lat' dir='ltr'><strong>factorum</strong></span> <span class='ocrx_word' id='word_1_34' title='bbox 380 966 552 1020; x_wconf 88' lang='lat' dir='ltr'><strong>nostrorum</strong></span> <span class='ocrx_word' id='word_1_35' title='bbox 582 961 619 1021; x_wconf 91' lang='lat' dir='ltr'><strong>ab</strong></span> <span class='ocrx_word' id='word_1_36' title='bbox 648 965 762 1020; x_wconf 76' lang='lat' dir='ltr'><strong>eterna</strong></span> <span class='ocrx_word' id='word_1_37' title='bbox 794 959 993 1021; x_wconf 86' lang='lat' dir='ltr'><strong>damnatione</strong></span> <span class='ocrx_word' id='word_1_38' title='bbox 1018 959 1067 1021; x_wconf 89' lang='lat' dir='ltr'><strong>eri·</strong></span> 
     </span>
     <span class='ocr_line' id='line_1_8' title="bbox 199 1063 1068 1147; baseline 0.001 -24"><span class='ocrx_word' id='word_1_39' title='bbox 199 1063 276 1144; x_wconf 85' lang='lat' dir='ltr'><strong>pias,</strong></span> <span class='ocrx_word' id='word_1_40' title='bbox 856 1065 908 1127; x_wconf 89' lang='lat' dir='ltr'><strong>Te</strong></span> <span class='ocrx_word' id='word_1_41' title='bbox 928 1084 1068 1147; x_wconf 84' lang='lat' dir='ltr'><strong>rogamus.</strong></span> 
     </span>
     <span class='ocr_line' id='line_1_9' title="bbox 160 1168 1068 1252; baseline 0.003 -24"><span class='ocrx_word' id='word_1_42' title='bbox 160 1168 205 1229; x_wconf 91' lang='lat' dir='ltr'><strong>Ut</strong></span> <span class='ocrx_word' id='word_1_43' title='bbox 231 1168 350 1230; x_wconf 87' lang='lat' dir='ltr'><strong>fructus</strong></span> <span class='ocrx_word' id='word_1_44' title='bbox 377 1174 467 1231; x_wconf 80' lang='lat' dir='ltr'><strong>terrm</strong></span> <span class='ocrx_word' id='word_1_45' title='bbox 492 1169 565 1231; x_wconf 85' lang='lat' dir='ltr'><strong>dare</strong></span> <span class='ocrx_word' id='word_1_46' title='bbox 589 1175 622 1231; x_wconf 89' lang='lat' dir='ltr'><strong>et</strong></span> <span class='ocrx_word' id='word_1_47' title='bbox 648 1190 828 1233; x_wconf 80' lang='lat' dir='ltr'><strong>conservare</strong></span> <span class='ocrx_word' id='word_1_48' title='bbox 853 1170 1003 1252; x_wconf 86' lang='lat' dir='ltr'><strong>digneris,</strong></span> <span class='ocrx_word' id='word_1_49' title='bbox 1028 1170 1068 1231; x_wconf 84' lang='lat' dir='ltr'><strong>Te</strong></span> 
     </span>
     <span class='ocr_line' id='line_1_10' title="bbox 200 1273 654 1357; baseline 0.002 -22"><span class='ocrx_word' id='word_1_50' title='bbox 200 1295 350 1357; x_wconf 82' lang='lat' dir='ltr'><strong>rogamus.</strong></span> <span class='ocrx_word' id='word_1_51' title='bbox 649 1273 654 1283; x_wconf 90' lang='lat'>&#39;</span> 
     </span>
     <span class='ocr_line' id='line_1_11' title="bbox 161 1380 1067 1471; baseline 0.003 -31"><span class='ocrx_word' id='word_1_52' title='bbox 161 1380 206 1441; x_wconf 88' lang='lat' dir='ltr'><strong>Ut</strong></span> <span class='ocrx_word' id='word_1_53' title='bbox 225 1381 363 1441; x_wconf 89' lang='lat' dir='ltr'><strong>omuibus</strong></span> <span class='ocrx_word' id='word_1_54' title='bbox 381 1381 522 1442; x_wconf 88' lang='lat' dir='ltr'><strong>fidelibus</strong></span> <span class='ocrx_word' id='word_1_55' title='bbox 536 1380 690 1444; x_wconf 83' lang='lat' dir='ltr'><strong>defunctis</strong></span> <span class='ocrx_word' id='word_1_56' title='bbox 711 1383 848 1462; x_wconf 89' lang='lat' dir='ltr'><strong>requiem</strong></span> <span class='ocrx_word' id='word_1_57' title='bbox 862 1383 1067 1471; x_wconf 79' lang='lat' dir='ltr'><strong>aeternamdo·</strong></span> 
     </span>
     <span class='ocr_line' id='line_1_12' title="bbox 200 1486 1067 1569; baseline 0.001 -24"><span class='ocrx_word' id='word_1_58' title='bbox 200 1505 274 1546; x_wconf 85' lang='lat' dir='ltr'><strong>nare</strong></span> <span class='ocrx_word' id='word_1_59' title='bbox 288 1486 432 1567; x_wconf 82' lang='lat' dir='ltr'><strong>digneris,</strong></span> <span class='ocrx_word' id='word_1_60' title='bbox 862 1489 913 1550; x_wconf 86' lang='lat' dir='ltr'><strong>Te</strong></span> <span class='ocrx_word' id='word_1_61' title='bbox 926 1508 1067 1569; x_wconf 81' lang='lat' dir='ltr'><strong>rogamus.</strong></span> 
     </span>
     <span class='ocr_line' id='line_1_13' title="bbox 161 1590 1068 1677; baseline 0.002 -27"><span class='ocrx_word' id='word_1_62' title='bbox 161 1590 275 1650; x_wconf 87' lang='lat' dir='ltr'><strong>Utnos</strong></span> <span class='ocrx_word' id='word_1_63' title='bbox 289 1591 433 1652; x_wconf 84' lang='lat' dir='ltr'><strong>exaudire</strong></span> <span class='ocrx_word' id='word_1_64' title='bbox 447 1590 593 1672; x_wconf 85' lang='lat' dir='ltr'><strong>digneris,</strong></span> <span class='ocrx_word' id='word_1_65' title='bbox 729 1644 733 1649; x_wconf 82' lang='grc'><strong>.</strong></span> <span class='ocrx_word' id='word_1_66' title='bbox 865 1593 915 1655; x_wconf 92' lang='lat' dir='ltr'><strong>Te</strong></span> <span class='ocrx_word' id='word_1_67' title='bbox 927 1614 1068 1677; x_wconf 87' lang='lat' dir='ltr'><strong>rogamus.</strong></span> 
     </span>
     <span class='ocr_line' id='line_1_14' title="bbox 161 1694 1067 1783; baseline -0.001 -26"><span class='ocrx_word' id='word_1_68' title='bbox 161 1694 223 1757; x_wconf 80' lang='lat' dir='ltr'><strong>Fili</strong></span> <span class='ocrx_word' id='word_1_69' title='bbox 239 1696 308 1768; x_wconf 86' lang='lat' dir='ltr'><strong>Dei,</strong></span> <span class='ocrx_word' id='word_1_70' title='bbox 864 1700 914 1760; x_wconf 91' lang='lat' dir='ltr'><strong>Te</strong></span> <span class='ocrx_word' id='word_1_71' title='bbox 927 1720 1067 1783; x_wconf 83' lang='lat' dir='ltr'><strong>rogamus.</strong></span> 
     </span>
     <span class='ocr_line' id='line_1_15' title="bbox 161 1802 1068 1884; baseline 0.001 -21"><span class='ocrx_word' id='word_1_72' title='bbox 161 1804 268 1884; x_wconf 83' lang='lat' dir='ltr'><strong>Agnus</strong></span> <span class='ocrx_word' id='word_1_73' title='bbox 293 1803 362 1874; x_wconf 91' lang='lat' dir='ltr'><strong>Dei,</strong></span> <span class='ocrx_word' id='word_1_74' title='bbox 388 1802 440 1882; x_wconf 90' lang='lat' dir='ltr'><strong>qui</strong></span> <span class='ocrx_word' id='word_1_75' title='bbox 466 1803 549 1863; x_wconf 88' lang='lat' dir='ltr'><strong>tollis</strong></span> <span class='ocrx_word' id='word_1_76' title='bbox 576 1810 701 1884; x_wconf 85' lang='lat' dir='ltr'><strong>peccata</strong></span> <span class='ocrx_word' id='word_1_77' title='bbox 725 1804 842 1875; x_wconf 89' lang='lat' dir='ltr'><strong>mundi,</strong></span> <span class='ocrx_word' id='word_1_78' title='bbox 868 1806 969 1867; x_wconf 87' lang='lat' dir='ltr'><strong>Parce</strong></span> <span class='ocrx_word' id='word_1_79' title='bbox 992 1806 1068 1867; x_wconf 85' lang='lat' dir='ltr'><strong>nobis</strong></span> 
     </span>
     <span class='ocr_line' id='line_1_16' title="bbox 200 1909 341 1971; baseline -0.021 0"><span class='ocrx_word' id='word_1_80' title='bbox 200 1909 341 1971; x_wconf 86' lang='lat' dir='ltr'><strong>Domine.</strong></span> 
     </span>
     <span class='ocr_line' id='line_1_17' title="bbox 161 2014 1069 2096; baseline 0.001 -20"><span class='ocrx_word' id='word_1_81' title='bbox 161 2017 269 2096; x_wconf 81' lang='lat' dir='ltr'><strong>Agnus</strong></span> <span class='ocrx_word' id='word_1_82' title='bbox 296 2015 366 2086; x_wconf 91' lang='lat' dir='ltr'><strong>Dei,</strong></span> <span class='ocrx_word' id='word_1_83' title='bbox 391 2014 444 2095; x_wconf 91' lang='lat' dir='ltr'><strong>qui</strong></span> <span class='ocrx_word' id='word_1_84' title='bbox 472 2014 556 2076; x_wconf 86' lang='lat' dir='ltr'><strong>tollis</strong></span> <span class='ocrx_word' id='word_1_85' title='bbox 580 2020 705 2096; x_wconf 88' lang='lat' dir='ltr'><strong>peccata</strong></span> <span class='ocrx_word' id='word_1_86' title='bbox 729 2014 847 2087; x_wconf 88' lang='lat' dir='ltr'><strong>mundi,</strong></span> <span class='ocrx_word' id='word_1_87' title='bbox 876 2018 1000 2079; x_wconf 84' lang='lat' dir='ltr'><strong>Exaudi</strong></span> <span class='ocrx_word' id='word_1_88' title='bbox 1023 2037 1069 2079; x_wconf 86' lang='lat' dir='ltr'><strong>nos</strong></span> 
     </span>
     <span class='ocr_line' id='line_1_18' title="bbox 201 2118 340 2180; baseline -0.022 0"><span class='ocrx_word' id='word_1_89' title='bbox 201 2118 340 2180; x_wconf 85' lang='lat' dir='ltr'><strong>Domine.</strong></span> 
     </span>
     <span class='ocr_line' id='line_1_19' title="bbox 162 2223 1070 2307; baseline 0.001 -22"><span class='ocrx_word' id='word_1_90' title='bbox 162 2226 269 2307; x_wconf 82' lang='lat' dir='ltr'><strong>Agnus</strong></span> <span class='ocrx_word' id='word_1_91' title='bbox 283 2223 353 2293; x_wconf 89' lang='lat' dir='ltr'><strong>Dei,</strong></span> <span class='ocrx_word' id='word_1_92' title='bbox 368 2223 421 2302; x_wconf 90' lang='lat' dir='ltr'><strong>qui</strong></span> <span class='ocrx_word' id='word_1_93' title='bbox 433 2225 519 2286; x_wconf 89' lang='lat' dir='ltr'><strong>tollis</strong></span> <span class='ocrx_word' id='word_1_94' title='bbox 532 2231 658 2306; x_wconf 87' lang='lat' dir='ltr'><strong>peccata</strong></span> <span class='ocrx_word' id='word_1_95' title='bbox 671 2225 787 2296; x_wconf 89' lang='lat' dir='ltr'><strong>mundi,</strong></span> <span class='ocrx_word' id='word_1_96' title='bbox 813 2225 970 2289; x_wconf 81' lang='lat' dir='ltr'><strong>Miserere</strong></span> <span class='ocrx_word' id='word_1_97' title='bbox 983 2226 1070 2291; x_wconf 87' lang='lat' dir='ltr'><strong>nobis.</strong></span> 
     </span>
     <span class='ocr_line' id='line_1_20' title="bbox 202 2328 487 2391; baseline -0.011 -1"><span class='ocrx_word' id='word_1_98' title='bbox 202 2328 325 2391; x_wconf 81' lang='lat' dir='ltr'><strong>Christe</strong></span> <span class='ocrx_word' id='word_1_99' title='bbox 338 2328 409 2389; x_wconf 89' lang='lat' dir='ltr'><strong>audi</strong></span> <span class='ocrx_word' id='word_1_100' title='bbox 422 2349 487 2390; x_wconf 89' lang='lat' dir='ltr'><strong>nos.</strong></span> 
     </span>
     <span class='ocr_line' id='line_1_21' title="bbox 200 2434 527 2496; baseline -0.003 -1"><span class='ocrx_word' id='word_1_101' title='bbox 200 2434 322 2495; x_wconf 83' lang='lat' dir='ltr'><strong>Christe</strong></span> <span class='ocrx_word' id='word_1_102' title='bbox 337 2434 446 2495; x_wconf 86' lang='lat' dir='ltr'><strong>exaudi</strong></span> <span class='ocrx_word' id='word_1_103' title='bbox 461 2454 527 2496; x_wconf 91' lang='lat' dir='ltr'><strong>uos.</strong></span> 
     </span>
     <span class='ocr_line' id='line_1_22' title="bbox 199 2539 434 2623; baseline -0.017 -22"><span class='ocrx_word' id='word_1_104' title='bbox 199 2539 296 2623; x_wconf 82' lang='lat' dir='ltr'><strong>Kyrie</strong></span> <span class='ocrx_word' id='word_1_105' title='bbox 310 2540 434 2601; x_wconf 88' lang='lat' dir='ltr'><strong>eleison.</strong></span> 
     </span>
    </p>
   </div>
   <div class='ocr_carea' id='block_1_3' title="bbox 198 2556 1108 2852">
    <p class='ocr_par' dir='ltr' id='par_1_3' title="bbox 198 2556 1108 2852">
     <span class='ocr_line' id='line_1_23' title="bbox 198 2556 1108 2825; baseline -0.004 -117"><span class='ocrx_word' id='word_1_106' title='bbox 198 2646 322 2709; x_wconf 79' lang='lat' dir='ltr'><strong>Christe</strong></span> <span class='ocrx_word' id='word_1_107' title='bbox 335 2645 459 2706; x_wconf 85' lang='lat' dir='ltr'><strong>eleison.</strong></span> <span class='ocrx_word' id='word_1_108' title='bbox 1100 2556 1108 2825; x_wconf 74' lang='lat' dir='ltr'>l</span> 
     </span>
     <span class='ocr_line' id='line_1_24' title="bbox 199 2751 1108 2852; baseline -0.011 -40"><span class='ocrx_word' id='word_1_109' title='bbox 199 2752 297 2835; x_wconf 85' lang='lat' dir='ltr'><strong>Kyrie</strong></span> <span class='ocrx_word' id='word_1_110' title='bbox 313 2751 438 2813; x_wconf 89' lang='lat' dir='ltr'><strong>eleison.</strong></span> <span class='ocrx_word' id='word_1_111' title='bbox 1106 2838 1108 2852; x_wconf 43' lang='grc' dir='ltr'>Ι</span> 
     </span>
    </p>
   </div>
   <div class='ocr_carea' id='block_1_4' title="bbox 153 2882 1075 3123">
    <p class='ocr_par' dir='ltr' id='par_1_4' title="bbox 153 2882 1075 3123">
     <span class='ocr_line' id='line_1_25' title="bbox 201 2882 1074 2962; baseline 0.002 -19"><span class='ocrx_word' id='word_1_112' title='bbox 201 2882 275 2944; x_wconf 79' lang='lat' dir='ltr'><strong>Post</strong></span> <span class='ocrx_word' id='word_1_113' title='bbox 290 2884 439 2954; x_wconf 68' lang='lat' dir='ltr'><strong>litanias,</strong></span> <span class='ocrx_word' id='word_1_114' title='bbox 454 2889 564 2962; x_wconf 73' lang='lat' dir='ltr'><strong>parato</strong></span> <span class='ocrx_word' id='word_1_115' title='bbox 579 2887 723 2954; x_wconf 77' lang='lat' dir='ltr'><strong>camerato,</strong></span> <span class='ocrx_word' id='word_1_116' title='bbox 738 2890 768 2943; x_wconf 85' lang='lat' dir='ltr'><strong>et</strong></span> <span class='ocrx_word' id='word_1_117' title='bbox 786 2885 974 2947; x_wconf 58' lang='lat' dir='ltr'><strong>remearant&gt;</strong></span> <span class='ocrx_word' id='word_1_118' title='bbox 988 2886 1074 2945; x_wconf 78' lang='lat' dir='ltr'><strong>assia·</strong></span> 
     </span>
     <span class='ocr_line' id='line_1_26' title="bbox 153 2961 1075 3123; baseline 0.003 -101"><span class='ocrx_word' id='word_1_119' title='bbox 153 2964 407 3123; x_wconf 43' lang='lat' dir='ltr'><strong>dedddddadoerdw</strong></span> <span class='ocrx_word' id='word_1_120' title='bbox 424 2964 554 3034; x_wconf 73' lang='lat' dir='ltr'><strong>inchoat,</strong></span> <span class='ocrx_word' id='word_1_121' title='bbox 574 2961 700 3045; x_wconf 59' lang='lat' dir='ltr'><strong>clericis</strong></span> <span class='ocrx_word' id='word_1_122' title='bbox 714 2966 975 3045; x_wconf 73' lang='lat' dir='ltr'><strong>prosequentibus,</strong></span> <span class='ocrx_word' id='word_1_123' title='bbox 988 2966 1075 3028; x_wconf 79' lang='lat' dir='ltr'><strong>Ami-</strong></span> 
     </span>
    </p>
   </div>
   <div class='ocr_carea' id='block_1_5' title="bbox 160 3126 1076 3444">
    <p class='ocr_par' dir='ltr' id='par_1_5' title="bbox 160 3126 1076 3444">
     <span class='ocr_line' id='line_1_27' title="bbox 200 3126 1075 3231; baseline 0.002 -22"><span class='ocrx_word' id='word_1_124' title='bbox 200 3148 295 3209; x_wconf 78' lang='lat' dir='ltr'><strong>Mand</strong></span> <span class='ocrx_word' id='word_1_125' title='bbox 316 3168 441 3229; x_wconf 82' lang='lat' dir='ltr'><strong>surgens</strong></span> <span class='ocrx_word' id='word_1_126' title='bbox 461 3126 554 3211; x_wconf 88' lang='lat' dir='ltr'><strong>Jacob</strong></span> <span class='ocrx_word' id='word_1_127' title='bbox 575 3148 710 3231; x_wconf 83' lang='lat' dir='ltr'><strong>erigebat</strong></span> <span class='ocrx_word' id='word_1_128' title='bbox 728 3148 861 3230; x_wconf 88' lang='lat' dir='ltr'><strong>lapidem</strong></span> <span class='ocrx_word' id='word_1_129' title='bbox 878 3150 912 3213; x_wconf 89' lang='lat' dir='ltr'><strong>in</strong></span> <span class='ocrx_word' id='word_1_130' title='bbox 933 3153 1075 3217; x_wconf 83' lang='lat' dir='ltr'><strong>titulum:</strong></span> 
     </span>
     <span class='ocr_line' id='line_1_28' title="bbox 160 3255 1076 3336; baseline 0.004 -19"><span class='ocrx_word' id='word_1_131' title='bbox 160 3255 293 3317; x_wconf 84' lang='lat' dir='ltr'><strong>fundens</strong></span> <span class='ocrx_word' id='word_1_132' title='bbox 313 3255 413 3316; x_wconf 92' lang='lat' dir='ltr'><strong>oleum</strong></span> <span class='ocrx_word' id='word_1_133' title='bbox 433 3255 573 3336; x_wconf 87' lang='lat' dir='ltr'><strong>desuper,</strong></span> <span class='ocrx_word' id='word_1_134' title='bbox 588 3260 692 3317; x_wconf 88' lang='lat' dir='ltr'><strong>votum</strong></span> <span class='ocrx_word' id='word_1_135' title='bbox 706 3256 792 3317; x_wconf 86' lang='lat' dir='ltr'><strong>vovit</strong></span> <span class='ocrx_word' id='word_1_136' title='bbox 810 3258 965 3323; x_wconf 81' lang='lat' dir='ltr'><strong>Domino:</strong></span> <span class='ocrx_word' id='word_1_137' title='bbox 1001 3258 1076 3322; x_wconf 74' lang='lat' dir='ltr'><strong>vere</strong></span> 
     </span>
     <span class='ocr_line' id='line_1_29' title="bbox 161 3360 842 3444; baseline 0 -21"><span class='ocrx_word' id='word_1_138' title='bbox 161 3363 247 3425; x_wconf 90' lang='lat' dir='ltr'><strong>locus</strong></span> <span class='ocrx_word' id='word_1_139' title='bbox 260 3360 319 3423; x_wconf 88' lang='lat' dir='ltr'><strong>iste</strong></span> <span class='ocrx_word' id='word_1_140' title='bbox 334 3365 457 3422; x_wconf 86' lang='lat' dir='ltr'><strong>sanctus</strong></span> <span class='ocrx_word' id='word_1_141' title='bbox 473 3367 531 3433; x_wconf 88' lang='lat' dir='ltr'><strong>est,</strong></span> <span class='ocrx_word' id='word_1_142' title='bbox 546 3366 577 3425; x_wconf 89' lang='lat' dir='ltr'><strong>et</strong></span> <span class='ocrx_word' id='word_1_143' title='bbox 590 3381 646 3444; x_wconf 85' lang='lat' dir='ltr'><strong>ego</strong></span> <span class='ocrx_word' id='word_1_144' title='bbox 659 3360 842 3425; x_wconf 82' lang='lat' dir='ltr'><strong>nesciebam.</strong></span> 
     </span>
    </p>
   </div>
   <div class='ocr_carea' id='block_1_6' title="bbox 1081 3482 1108 3745">
    <p class='ocr_par' dir='ltr' id='par_1_6' title="bbox 1081 3482 1108 3745">
     <span class='ocr_line' id='line_1_30' title="bbox 1081 3482 1108 3745; baseline 0 0"><span class='ocrx_word' id='word_1_145' title='bbox 1081 3482 1108 3745; x_wconf 69' lang='lat' dir='ltr'><strong>‘i</strong></span> 
     </span>
    </p>
   </div>
   <div class='ocr_carea' id='block_1_7' title="bbox 0 0 1133 4006">
    <p class='ocr_par' dir='ltr' id='par_1_7' title="bbox 0 0 1133 4006">
     <span class='ocr_line' id='line_1_31' title="bbox 0 0 1133 4006; baseline 0 0"><span class='ocrx_word' id='word_1_146' title='bbox 0 0 1133 4006; x_wconf 95' lang='lat' dir='ltr'><strong> </strong></span> 
     </span>
    </p>
   </div>
  </div>
 </body>
</html>
