2234 4006
154 303 195 361 86
363 317 403 359 nn
423 317 624 359 ascmnnro
644 315 865 358 romanarum.
957 324 960 329 >

155 459 367 523 contritionem
393 456 565 519 efficacibus
592 457 691 518 verbis
718 456 871 517 adducere
897 457 1069 527 conabitur,

154 554 246 622 atque
260 540 298 600 ad
312 539 405 599 vitam
425 538 643 599 emendandam
663 558 699 598 ae
719 536 825 597 melida
845 537 1066 599 instituendam

156 623 292 688 inducet,
307 618 498 698 remediaque
512 625 704 699 peccatorum
718 617 828 677 tradet.

75 728 78 735 ¹
195 699 351 760 Postremd
361 699 522 760 salutarem
534 706 565 759 et
575 698 803 760 convenientem
816 696 1064 792 satisfactionem,

156 780 1064 930 ttttt'ttttttttt,Pttttttttttttttttlttttt

155 942 230 1001 item
254 940 460 1022 dispositionis
486 940 709 1021 poenitentium.
750 938 923 1019 Videatque
948 958 989 999 ne
1014 958 1062 1020 pro

156 1021 290 1102 peccatis
303 1021 444 1102 gravibus
457 1020 626 1081 levissimas
647 1018 841 1100 poenitentias
853 1018 1008 1100 imponat:
1028 1039 1061 1080 ne

157 1102 184 1162 si
217 1101 295 1162 forte
320 1102 455 1183 peccatis
483 1101 653 1171 connivent,
682 1100 848 1160 alienorum
874 1106 1061 1180 peccaturum

156 1182 308 1263 particeps
331 1181 488 1242 efficiatur.
528 1181 566 1241 Id
586 1179 659 1240 verb
680 1185 750 1241 ante
772 1181 876 1240 oculos
897 1179 1016 1251 habeat,
1032 1186 1063 1241 ut

158 1262 325 1323 satisfactio
339 1282 399 1322 non
414 1263 455 1323 sit
472 1260 589 1341 tantiam
601 1261 640 1322 ad
660 1279 747 1321 novae
760 1260 831 1320 vitae
845 1261 1023 1331 remedium,
1035 1266 1064 1321 et

72 1378 76 1387 ·
156 1341 341 1403 infirmitatis
351 1343 615 1412 medicamentum,
627 1342 681 1402 sed
693 1339 783 1401 etiam
794 1341 832 1400 ad
846 1341 1063 1422 praeteritorum

158 1430 351 1504 peccaturum
364 1423 601 1504 castigationem.

107 1557 108 1560 ,
199 1503 299 1577 Quare
324 1511 420 1573 curet,
447 1501 592 1583 quantum
616 1500 682 1561 fieri
706 1505 818 1582 potest,
842 1508 879 1560 ut
902 1499 1062 1561 contrarias

158 1582 293 1666 peccatis
314 1584 507 1676 poenitentias
529 1583 687 1663 injungat3
706 1581 803 1642 veluti
825 1580 924 1641 avaris
942 1582 1063 1642 eleimo-

158 1663 445 1743 synas‚lib1dinosis
464 1663 581 1744 jejunia
594 1663 643 1722 vel
662 1662 737 1722 alias
757 1661 856 1722 carnis
879 1659 1063 1729 afflictiones,
1104 1660 1107 1717 l

158 1742 295 1827 superbis
314 1744 493 1805 humilitatis
514 1743 622 1812 officia,
636 1741 797 1802 desidiosis
817 1741 988 1803 devotionis
1006 1749 1064 1802 stu·

158 1826 220 1889 dia.
260 1823 368 1885 nanus
392 1831 492 1887 autem
516 1824 565 1884 vel
591 1821 686 1884 seriis
713 1821 941 1892 confitentibus,
964 1822 1014 1883 vel
1036 1821 1064 1880 in

156 1912 285 1989 peccata
307 1904 398 1967 facile
422 1904 637 1973 recidentibus,
662 1902 856 1982 utilissimum
881 1902 976 1964 fuerit
999 1923 1065 1963 eon·

159 1986 271 2056 sulere,
283 1992 318 2046 ut
331 1986 420 2068 saepd,
432 1994 506 2066 puta
518 1985 610 2047 semel
625 1984 657 2044 in
672 2003 785 2052 mense,
796 1982 844 2044 vel
861 1982 953 2043 certis
965 1983 1066 2044 diebus

158 2065 342 2127 solemnibus
357 2065 569 2135 confiteantur,
584 2072 616 2125 et
629 2064 655 2124 si
669 2063 821 2156 expediat,
836 2063 1066 2124 communicent.

198 2144 399 2204 Poenitentias
420 2145 609 2225 pecuniarias
630 2143 687 2203 sibi
709 2144 782 2225 ipsis
804 2142 991 2204 Confessarii
1012 2163 1067 2203 non

158 2224 323 2305 applicent,
338 2243 437 2304 neque
459 2220 478 2283 d
496 2224 713 2304 poenitentibus
734 2224 899 2304 quidquam
917 2231 1068 2304 tamquam

53 2358 58 2365 .
158 2303 319 2365 ministerii
333 2304 380 2362 sui
400 2303 555 2384 praemium
569 2310 675 2385 petant
687 2305 737 2364 vel
751 2304 913 2385 accipiant.

200 2384 259 2445 Pro
280 2383 413 2466 peccatis
434 2384 574 2454 occultis,
589 2384 783 2464 quantumvis
802 2385 956 2466 gravibus,
977 2384 1068 2446 mani·

158 2466 268 2527 festam
288 2464 496 2544 poenitentiam
510 2485 571 2525 non
590 2465 756 2546 imponant.

199 2544 312 2607 Videat
322 2552 421 2606 autem
433 2545 595 2626 diligenter
606 2545 765 2615 Sacerdos,
775 2545 908 2625 quando,
920 2550 953 2605 et
963 2546 1069 2625 quibus

162 2627 355 2696 conferenda,
370 2627 419 2686 vel
440 2626 588 2708 neganda,
602 2627 652 2687 vel
672 2625 840 2687 differenda
853 2625 894 2686 sit
913 2626 1069 2694 absolutio,

161 2729 200 2770 ue
224 2709 361 2769 absolvat
383 2727 445 2778 eos,
467 2706 520 2786 qui
545 2706 615 2767 talis
639 2705 778 2767 beneficii
801 2712 873 2766 sunt
893 2705 1070 2787 incapaces;

161 2790 267 2868 quales
282 2804 354 2849 sunt
373 2788 426 2868 qui
440 2787 526 2847 nulla
545 2787 621 2847 dant
640 2788 726 2867 signa
746 2786 870 2856 doloris,
885 2786 939 2865 qui
959 2786 1030 2847 odia
1043 2793 1070 2847 et

160 2868 333 2943 inimicitias
348 2868 510 2951 deponere,
522 2875 575 2928 aut
587 2867 697 2936 aliena,
710 2866 736 2927 si
749 2873 887 2947 possunt,
901 2866 1068 2935 restituere,

160 2955 214 3010 aut
232 2949 396 3029 proximam
432 2947 559 3009 eccandi
579 2947 768 3008 occasionem
782 2947 934 3016 deserere,
949 2947 1069 3007 autulio

160 3028 249 3088 modo
266 3036 392 3110 peccata
405 2971 627 3109 derelinquere,
643 3035 675 3088 ct
687 3028 781 3088 vitam
801 3028 834 3087 in
849 3027 958 3087 melius
973 3046 1069 3104 emen·

162 3108 235 3168 dare
255 3109 382 3179 nolunt3
404 3116 457 3167 aut
471 3108 524 3188 qui
543 3108 696 3189 publicum
719 3107 896 3168 scandalum
912 3107 1070 3176 dederunt,

162 3187 222 3249 nisi
240 3187 360 3268 publice
374 3186 573 3257 satisfaciant,
588 3193 620 3249 et
633 3188 810 3249 scandalum
824 3187 953 3248 tollant:
975 3206 1071 3269 neque

161 3267 252 3328 etiam
266 3288 317 3329 eos
331 3268 478 3339 absolvat,
494 3287 620 3348 quorum
635 3275 762 3350 peccata
776 3275 848 3330 sunt
863 3269 1074 3350 Superioribus

161 3356 325 3410 reseruata.

201 3428 234 3490 Si
247 3428 320 3489 vend
339 3427 408 3509 quis
428 3426 608 3489 confiteatur
628 3429 660 3489 in
675 3428 810 3511 periculo
832 3428 939 3489 mortis
961 3426 1084 3491 consti·

137 3586 141 3593 ,
158 3516 256 3583 tutus,
265 3508 467 3573 absolvendus
479 3514 526 3572 est
536 3510 573 3571 ab
584 3509 722 3572 omnibus
732 3508 868 3591 peccatis
880 3516 912 3571 et
925 3508 1099 3573 censurius
