2234 4006
10 1004 22 1057 Ρ

268 277 346 345 uano
367 278 640 323 counnnnnnronrs
661 278 783 323 annum.
943 267 982 324 73
1071 306 1097 317 ..

65 421 230 485 habentem
249 406 404 495 fiduciam,
423 421 484 482 nisi
504 421 537 481 in
556 427 610 483 tua
629 419 845 492 misericordia,
862 421 901 482 ad
921 426 982 482 tuae

66 516 291 605 auctmentum
304 524 562 589 reconciliationis
576 527 713 589 admitte.
729 510 732 515 ¹
753 529 814 588 Per
828 526 984 589 Christum

66 614 232 703 Dominum
244 639 394 695 nostrum.
415 615 472 705 ll.
495 634 616 694 Amen,
662 683 677 694 ,,

98 813 101 817 ,
133 738 357 801 OMMENDO
378 738 624 820 teomnipotenti
640 741 717 810 Deo,
732 738 906 801 charissime
920 739 982 799 sm-

91 896 94 901 .
153 850 214 915 ter,
229 850 262 905 et
281 844 320 916 ei,
335 844 428 924 cujus·
444 865 477 906 es
498 852 648 922 creature,
664 845 837 907 committo:
857 848 894 906 u't
914 844 983 907 cim

64 949 262 1013 humanitatis
280 950 525 1023 debitummorte
545 930 767 1013 interveniente
787 950 982 1033 persolveris,

10 1068 18 1113 ².
65 1057 103 1118 ad
122 1062 282 1120 auctorem
304 1064 401 1128 tuum,
416 1057 470 1136 qui
491 1057 576 1119 tede
593 1058 665 1118 limo
679 1063 767 1118 terre
789 1058 983 1127 formaverat,

65 1163 239 1225 revertaris
269 1163 457 1244 ''Egredienti
476 1163 581 1244 itaque
594 1149 701 1224 enimae
721 1169 783 1224 tuae
797 1163 835 1223 de
847 1171 982 1244 corpore

65 1268 246 1350 splendidus
269 1268 457 1350 Angelorum
478 1275 576 1329 coetus
597 1275 753 1329 occurret:
771 1268 867 1348 judex
882 1270 981 1350 Apos-
1016 1276 1019 1281 ’

63 1376 197 1436 tolonum
225 1373 281 1435 tibi
315 1379 439 1435 senatus
466 1359 626 1434 adueniat:
663 1374 892 1435 candidatorum
925 1374 981 1435 tibi

65 1480 241 1562 Martyrum
260 1479 461 1562 triumphator
480 1479 631 1541 exercitus
645 1479 763 1540 obviet:
787 1480 886 1543 liliata·
905 1480 980 1542 ruti-

64 1586 237 1649 lantiumte
249 1567 465 1648 confessorum
474 1592 574 1648 turma
583 1587 768 1648 circumdet:
785 1587 981 1667 jubilantium

61 1699 91 1757 tc
100 1692 270 1775 ,virginum
283 1691 540 1774 choma'excipiat
548 1713 558 1765 ;
579 1699 611 1754 et
623 1685 724 1755 beatae'
739 1693 851 1773 quietis
865 1695 897 1754 in
912 1693 981 1754 sinu
1061 1679 1065 1691 ¹

59 1797 308 1863 namnetorum
331 1805 363 1860 te
389 1799 565 1880 complexus
584 1798 756 1879 astringat:
781 1798 863 1858 mitis
888 1804 981 1877 atque

10 1882 335 1981 btru'msrehristi
348 1905 431 1971 'lesu
454 1890 511 1965 libi
524 1911 674 1986 ,aspectus
697 1909 850 1985 appareat,
872 1903 925 1982 qui
948 1911 981 1966 te

31 2008 142 2095 ¹iuben·
155 2009 407 2073 assistentessibi
426 2010 542 2091 jugiter
562 2010 711 2070 interesse
732 2009 887 2070 decernat.
929 2009 980 2092 Ig-

56 2136 150 2203 npres
171 2135 261 2177 omne
284 2115 365 2196 qnod
386 2114 490 2178 horret
509 2115 542 2176 in
555 2115 699 2186 tenebris,
715 2114 796 2196 qood
818 2115 928 2177 stridet
946 2115 980 2178 in
1014 2195 1017 2201 ι
1040 2169 1042 2173 ,

55 2220 202 2292 flammis,
217 2221 300 2301 quod
314 2220 477 2295 cruciatio
491 2219 661 2282 tormentis.
703 2221 803 2283 Cedat
815 2221 871 2282 tibi
885 2227 979 2283 teter·

56 2327 156 2389 fimus
178 2328 298 2389 satanae
319 2347 387 2408 cum
409 2322 592 2390 satellitibus
612 2324 697 2387 suis:
716 2326 749 2386 in
770 2326 903 2388 adventu
926 2332 979 2388 tuo

55 2438 88 2493 te
103 2431 319 2501 comitantibus
331 2432 460 2514 Angelis
471 2431 697 2502 contremiscat,
709 2413 802 2512 atque
815 2433 847 2491 in
859 2439 978 2493 aeternae

55 2536 161 2600 uocb'a
175 2537 265 2601 chaos
278 2537 410 2613 immane
424 2537 573 2619 diffugiat.
608 2539 746 2623 Exurgat
759 2538 855 2607 Deus,
869 2545 901 2598 et
914 2538 978 2597 dis-

55 2644 199 2726 sipentur
218 2643 335 2707 inimici
346 2645 433 2725 ,ejus3
455 2650 493 2706 et·
505 2644 623 2726 fumant
644 2644 697 2724 qui
711 2645 843 2704 oderunt
862 2643 978 2712 eume

56 2750 138 2813 facie
148 2738 232 2830 ejus.
271 2749 358 2813 Sicut
370 2749 477 2812 delicit
496 2748 608 2832 fumus,
623 2744 786 2819 deficiant3
807 2748 888 2810 sicut
908 2746 978 2810 fluit

56 2877 130 2918 cern
143 2857 164 2917 d
178 2854 257 2918 facie
277 2855 368 2939 ignis,
383 2857 427 2918 sic
442 2861 570 2938 pereant
582 2860 758 2937 peccatores
772 2853 793 2913 d
806 2853 884 2944 fecie
898 2853 977 2926 Dei;

55 2968 89 3025 et
117 2961 199 3043 justi
214 2953 399 3045 sepulen'tur,
427 2968 460 3025 et
486 2961 626 3024 exultent
650 2959 685 3021 in
712 2967 878 3043 conspectu
905 2958 975 3022 Dei.

58 3067 298 3151 Confundantur
324 3068 417 3150 igitur
440 3073 474 3130 et
500 3070 681 3130 erubescant
703 3056 808 3155 omnes
834 3072 976 3130 tartareae

55 3173 205 3256 legiones,
220 3180 253 3236 et
271 3158 539 3236 ministrisa'tanae
557 3168 618 3236 iter
637 3178 725 3236 tuum
741 3172 891 3257 impedire
913 3193 975 3235 non

56 3280 200 3343 ardeam
240 3280 367 3343 Liberet
387 3286 419 3342 te
442 3281 612 3343 &cruciatu
633 3279 785 3352 Christus,
800 3280 853 3361 qui
874 3286 973 3362 prote

55 3383 224 3447 crucifixus
238 3391 295 3449 eat
318 3434 321 3440 Α
339 3385 465 3449 Liberet
484 3386 516 3449 te
530 3389 567 3448 ab
581 3393 693 3448 eterna
704 3381 801 3449 morte
821 3383 977 3455 Christus„

54 3494 111 3575 qui
130 3499 234 3578 prote
247 3493 324 3557 mori
338 3492 480 3575 dignatus
495 3499 552 3557 est.
592 3492 768 3556 constituat
786 3497 818 3555 tc
832 3490 971 3553 Christus

199 3590 220 3620 ‚s
683 3584 686 3589 .
