2234 4006
101 257 140 316 86
173 234 176 244 ’
445 273 487 319 ns
508 272 664 322 exterus.
703 286 707 294 ·
814 304 819 309 .
861 228 865 233 ’

137 419 179 487 Ν.
199 417 242 478 Et
256 432 295 475 ne
309 432 363 475 nos
377 413 504 479 induces
516 413 549 476 iu
563 390 776 497 mundonem·
882 443 885 446 ·
984 448 987 455 ·

137 510 577 600 ldsedliberanosemalo.
652 522 663 529 ’“
715 555 719 565 =

137 622 180 702 ΣΤ.
201 630 331 709 Aporta
344 627 446 688 inferi.
495 636 498 641 ’

135 719 176 808 ld.
196 734 278 803 Erue
292 733 421 795 Domine
436 732 567 795 animam
580 735 670 814 ejus.'
769 773 772 778 -

36 848 39 852 “
137 831 180 911 7).
199 837 431 918 Requiescatin
446 859 530 920 pace.

25 925 27 929 Ι
138 934 177 1024 Β)
197 945 309 1007 Amen.
672 1018 677 1023 ι
759 1024 763 1029 ἢ

137 1044 179 1122 n.
199 1049 328 1125 Domine
344 1048 454 1110 exaudi
468 1049 633 1111 orationem
647 1069 756 1111 meam.

62 1206 66 1213 .
136 1153 695 1228 &Etclamormeusadtereniat
878 1161 882 1165 ⁴

56 1332 59 1337 ,
137 1256 181 1336 7).
199 1262 349 1323 Dominus
369 1261 536 1323 vobiscum.

136 1344 524 1449 ld'lttcumspiritutuo.
715 1413 718 1421 .
833 1354 836 1363 ’

122 1563 129 1567 ·
245 1559 396 1600 onustus·
538 1554 540 1559 ·
581 1617 583 1624 A
630 1566 632 1570 v
735 1538 866 1600 'onemo
903 1572 949 1622 Ι·

177 1691 352 1762 BSOLVE,
378 1704 548 1774 quaesumus
576 1689 718 1762 Domine,
751 1690 884 1753 enimam
911 1687 1006 1752 famuli
1042 1695 1048 1733 ¹

196 1798 242 1860 tui
262 1801 299 1860 ab
313 1797 394 1858 omni
408 1796 532 1858 vinculo
550 1795 743 1866 delictorum,
757 1801 793 1857 ut
812 1798 847 1857 in
860 1815 1004 1857 resurrec-
1044 1802 1048 1831 ¹

98 1906 190 1968 tionis
204 1906 301 1987 gloria
313 1875 394 1966 inter
415 1905 542 1968 Sanctos
557 1909 589 1964 et
603 1904 716 1964 electos
730 1908 799 1965 tuos
813 1904 1005 1974 resuscitatus
1035 1866 1048 1991 'r

97 2011 237 2091 respiret.
258 2011 318 2070 Per
329 2010 482 2071 Christum
496 2009 659 2070 Dominum
672 2013 821 2070 nostrum.
843 1987 885 2076 ld
907 2009 1007 2070 Amen·
1045 2013 1048 2042 ¹

139 2116 222 2174 Dum
247 2114 280 2174 in
306 2114 412 2174 Officio
437 2115 581 2175 dicuntur
609 2115 742 2185 Laudes,
769 2114 923 2175 Sacerdos
949 2131 1006 2176 cum
1037 2102 1048 2162 ’ἶ

100 2193 249 2255 ministris
269 2202 394 2273 paratur
407 2194 446 2255 ad
468 2195 679 2255 celebrandam
700 2194 830 2259 Missam
851 2196 1007 2257 solemnem
1046 2226 1048 2263 1

99 2295 153 2357 pro
174 2274 329 2344 defuncto,
352 2274 377 2333 si
400 2279 518 2356 tempus
540 2295 709 2358 congruens
730 2275 835 2347 fuerit,
857 2283 894 2338 ut
914 2273 1008 2336 indie
1046 2336 1048 2345 ,

100 2352 297 2435 depositionis
311 2355 343 2414 in
359 2355 480 2429 Missali
495 2356 641 2416 Romano.
1045 2350 1048 2370 *

140 2434 242 2495 Finita
265 2435 374 2504 Missa,
396 2434 555 2506 Sacerdos,
577 2436 714 2516 deposita
741 2435 846 2497 sesnin
874 2456 929 2497 sen
951 2436 1007 2518 pla·
1045 2462 1048 2473 ·

96 2523 181 2587 neta,
204 2522 236 2576 et
257 2515 421 2597 manipulo,
443 2515 556 2597 accipit
575 2517 709 2598 'pluviale
729 2515 808 2597 nigri
830 2517 961 2589 eoloris3
983 2520 1009 2575 et

15 2610 19 2619 '
101 2597 310 2659 Subdiaconus
325 2597 438 2677 accipit
456 2597 598 2668 Crucem,
614 2602 646 2659 et
665 2597 785 2658 accedit
798 2597 838 2657 ad
860 2597 1009 2664 feretrum,
1046 2656 1048 2663 Α

100 2686 132 2741 et
145 2700 178 2740 se
192 2678 274 2740 sistit
288 2677 325 2739 ad
342 2683 433 2760 caput
446 2677 584 2738 defuncti
596 2697 664 2737 cum
680 2678 791 2748 Croce,
802 2677 924 2739 medius
938 2678 1009 2738 inter
1046 2709 1048 2744 ς

100 2760 176 2820 duos
198 2759 371 2840 Acolythos'
385 2779 438 2818 seu
460 2757 654 2833 ceroferarios
677 2778 745 2820 cum
766 2757 970 2829 candelabris,
983 2761 1011 2816 et
1046 2788 1048 2824 ᾗ

101 2839 237 2900 candelis
261 2840 418 2901 accensis:
447 2846 478 2900 et
502 2858 605 2899 omnes
631 2838 683 2900 alii
708 2839 747 2899 de
771 2838 865 2901 Clero
889 2839 1011 2900 veniunt

101 2919 263 2980 ordinatim
277 2919 308 2980 in
323 2921 417 3002 gradu
430 2939 484 2981 suo
500 2939 568 2980 cum
577 2919 716 2983 candelis
727 2919 875 2991 accensis,
889 2927 923 2983 et
935 2922 1011 2980 stant

100 3001 133 3061 in
148 2998 277 3060 circuitu
291 3001 419 3062 feretri:
441 3007 505 3060 tum
520 3000 659 3080 sequitur
682 2999 830 3061 Sacerdos
853 3020 924 3060 cum
943 2999 1011 3060 Dia·

76 3129 79 3139 ,
102 3099 189 3150 cono,
204 3086 236 3142 et
255 3081 427 3150 assistente,
448 3081 578 3161 aliisque
598 3080 757 3151 ministris,
775 3087 808 3141 et
826 3080 912 3142 facte
929 3099 1010 3142 reve·

101 3159 201 3222 rentie
228 3159 339 3229 Alteri,
367 3161 449 3221 sistit
483 3179 516 3220 se
550 3167 657 3222 contm
688 3161 821 3222 Crucem
849 3160 888 3222 ad
923 3161 1010 3243 pedes

102 3240 250 3310 defuncti,
265 3240 346 3300 retrd
360 3239 527 3301 astantibus
542 3241 570 3301 ei
588 3240 753 3302 dsinistris
767 3241 885 3302 duobus
901 3241 1010 3322 Acoly-

102 3321 173 3391 this,
195 3339 348 3387 nnocum
374 3320 528 3381 thuribulo
546 3327 578 3382 et
601 3323 743 3384 navicula
766 3320 899 3395 incensi,
922 3323 1013 3384 altero

103 3421 171 3464 cum
188 3419 257 3460 vase
271 3403 367 3481 Aquae
382 3402 548 3463 benedictae
564 3411 596 3464 et
608 3402 793 3484 aspersorio;
816 3411 849 3466 et
862 3401 1013 3485 Acolytho

102 3503 155 3626 soen
171 3480 292 3545 Clerieo
312 3489 436 3546 tenente
455 3483 576 3557 librum,
590 3484 728 3547 absolute
741 3483 818 3548 dicit
837 3490 1012 3567 sequentem

16 3594 23 3611 ·
132 3563 288 3626 rationem.
