2234 4006
155 281 215 342 186
441 298 483 341 or
503 299 792 344 nananrcrrornnoa.

151 442 265 503 Sancte
278 439 478 522 Hieronymo,

151 547 265 608 Sancte
281 545 427 618 Martiae,

151 654 265 715 Sancte
280 651 422 724 Nicolae,

152 758 265 819 Omnes
279 758 377 819 sancti
390 757 557 820 Pontifices
572 765 604 822 et
620 758 831 828 Confessores,

106 904 112 919 .
152 864 265 924 Omnes
280 863 379 924 sancti
393 865 554 936 Doctores,

86 974 90 983 '
152 968 266 1030 Sancte
281 968 409 1039 Antoni,

95 1117 99 1123 -
153 1074 265 1134 Sancte
280 1072 459 1145 Benedicta,

153 1178 450 1250 Sancte’Bernarde,

153 1283 265 1345 Sancte
279 1283 451 1354 Dominice,

153 1388 265 1450 Sancte
279 1388 455 1459 Francisce‚

154 1494 268 1554 Omnes
282 1493 381 1555 sancti
397 1493 578 1554 Sacerdotes
592 1499 624 1554 et
637 1492 767 1565 Levita,
880 1560 883 1565 ,

154 1599 267 1659 Omnes
282 1597 381 1659 sancti
395 1598 540 1659 Monachi
554 1604 586 1659 et
598 1599 756 1668 Eremitae,

154 1705 270 1767 Sancta
283 1688 385 1765 Maria
397 1704 595 1786 Magdalena,

155 1812 269 1874 Sancta
282 1812 413 1893 Agatha,

154 1917 269 1981 Sancta
283 1917 392 1989 Lucia,

155 2022 270 2084 Sancta
284 2023 401 2103 Agnes,

155 2126 269 2187 Sancta
283 2126 417 2196 Caecilia,

156 2231 270 2292 Sancta
285 2230 460 2302 catharina,

28 2328 31 2333 ’
155 2334 270 2395 Sancta
283 2334 460 2406 Anastasia,

155 2439 269 2501 Omnes
284 2443 397 2500 sanctae
412 2438 556 2521 Virginea
570 2445 602 2500 et
614 2439 735 2510 Vidua,
971 2441 1068 2503 Orate.

155 2544 269 2608 Omnes
284 2543 388 2607 Sancti
403 2552 436 2606 et
450 2546 568 2607 Sancte
583 2544 653 2616 Dei,
706 2545 894 2607 Intercedite
907 2565 964 2627 pro
978 2545 1068 2619 nobie.

93 2732 96 2737 Ι
135 2650 309 2735 ·Pr.opitius
324 2657 401 2721 esto,
719 2652 816 2712 Parce
830 2650 917 2713 nobis
932 2651 1070 2713 Domine.

154 2756 309 2840 Propitius
323 2763 400 2827 esto,
662 2816 665 2821 ,
718 2755 841 2819 Exaudi
859 2777 916 2825 nos
931 2758 1069 2820 Domine.

154 2864 204 2927 Ab
218 2862 301 2923 omni
313 2862 405 2933 malo,
581 2900 583 2904 -
674 2932 677 2937 ⁴
735 2861 918 2924 Liberanos
931 2863 1070 2925 Domine.

154 2969 205 3029 Ab
218 2967 301 3028 omni
314 2973 453 3049 peccato,
949 2968 1070 3031 Libera.

154 3070 205 3133 Ab
218 3069 264 3131 ira
277 3075 342 3142 tna,
903 3114 906 3119 -
949 3050 1071 3135 Libera.

155 3177 186 3237 A
200 3174 358 3237 subitanea
372 3180 404 3237 et
416 3174 580 3257 improvisa
595 3183 704 3246 morte,
719 3211 720 3214 κ
953 3177 1072 3241 Libera.

155 3281 206 3359 Ab
218 3278 340 3341 insidiis
353 3279 477 3351 diaboli,
949 3283 1072 3346 Libera.

155 3385 205 3445 Ab
218 3381 275 3453 ira,
289 3386 322 3442 et
334 3378 416 3451 odio,
430 3385 462 3441 et
474 3379 557 3440 omni
569 3381 650 3443 mala
663 3382 833 3453 volontate,
950 3382 1074 3447 Libera.

156 3486 309 3572 Aspicito
323 3484 544 3558 fornicationie,
953 3488 1076 3555 Libera.
