2234 4006
373 843 830 953 sncnnnunro
906 945 952 962 ‚y
1048 896 1050 901 .

148 1103 152 1152 ³
206 1095 543 1187 EXTREMAE
595 1093 1007 1217 UNQTIONIS.

222 1450 418 1510 XTREMAE
447 1448 610 1510 Unctionis
639 1450 868 1512 Sacramentum
896 1451 917 1509 et
944 1448 1063 1511 Christo

130 1597 134 1602 ,
242 1531 372 1591 Domino
386 1529 571 1599 institutum,
585 1536 740 1608 tamquam
754 1528 889 1597 cautis
903 1529 1061 1600 medicina,

150 1631 212 1672 non
233 1612 338 1672 animae
360 1610 466 1679 solbm,
485 1609 539 1670 sed
559 1609 651 1670 etiam
672 1611 789 1693 corpori
807 1610 964 1680 salutaris,
986 1609 1063 1674 omni

150 1692 252 1753 studio
273 1713 308 1753 ac
325 1689 484 1772 diligentia
503 1689 673 1770 periculose
687 1691 900 1772 egrotantibus
921 1691 1063 1773 adhiben-

151 1773 224 1833 dum
244 1780 311 1845 est;
332 1779 363 1835 et
384 1769 561 1851 ecquidem
581 1774 727 1864 tempore,
741 1771 768 1831 si
788 1772 855 1833 fieri
866 1772 985 1912 possit,
1000 1771 1074 1835 ebur

149 1852 213 1915 illis
225 1854 322 1914 adhuc
334 1855 452 1934 integra
463 1857 547 1912 mens
557 1851 782 1933 etrstroviget:
803 1858 865 1913 uta
897 1853 1064 1915 uberiorem

150 1934 340 1996 Sacramenti
366 1932 493 2014 gratiam
519 1931 756 2013 percipiendam,
780 1931 839 2014 ipsi
864 1933 957 1994 etiam
982 1953 1064 1997 suam

150 2013 253 2081 fidem.
279 2035 315 2074 ac
339 2014 419 2095 piam
444 2012 536 2072 animi
559 2013 747 2095 voluntatem
772 2013 912 2077 conferre
936 2015 1063 2096 possint,

150 2094 224 2153 dum
246 2113 331 2154 sacro
352 2092 502 2153 liniuntur
522 2092 608 2152 Oleo.

190 2174 228 2233 In
243 2193 303 2252 quo
317 2173 396 2232 illud
409 2173 442 2231 in
455 2170 561 2252 primis
575 2177 613 2231 ex
626 2172 760 2252 generali
774 2172 923 2235 Ecclesiae
937 2193 1064 2236 consue·

47 2270 51 2275 “
149 2254 257 2315 tudine
271 2253 491 2313 observandum
505 2257 562 2320 est,
577 2259 613 2312 ut
626 2253 652 2312 si
674 2259 804 2334 tempus,
819 2261 850 2314 et
862 2252 978 2316 infirmi
995 2276 1064 2317 cou-

151 2334 227 2395 ditio
238 2334 405 2415 permittat,
413 2338 482 2393 ante
493 2339 657 2393 extremam
666 2333 861 2405 Unctionem,
872 2331 1064 2398 Paenitentia

150 2422 182 2477 et
195 2413 394 2476 Eucharistiae
410 2412 606 2474 Sacramenta
619 2412 747 2475 infirmis
761 2417 964 2495 praebeantur.

189 2496 311 2558 Habeat
336 2493 429 2576 igitur
460 2493 613 2554 Perochus
640 2494 708 2555 loeo
735 2495 832 2556 nitido
860 2502 892 2555 et
919 2496 1065 2558 decenter

149 2584 266 2648 ornato,
276 2576 313 2636 ‘in
326 2593 399 2637 vase
412 2579 555 2655 argenteo
569 2594 621 2636 seu
637 2580 774 2646 stanneo,
786 2575 950 2669 diligenter
965 2585 1065 2639 custo·

42 2720 50 2727 ,
149 2659 248 2719 ditum
263 2676 382 2719 sacrum
395 2655 504 2716 Oleum
524 2654 721 2726 infirmorum,
737 2657 818 2735 quod
833 2656 962 2737 singulis
977 2657 1064 2719 annis

149 2739 239 2800 Faria
258 2759 288 2799 v.
309 2738 342 2799 in
364 2737 462 2798 Coena
486 2734 608 2795 Domini
629 2737 665 2796 ab
687 2735 836 2818 Episcopo
856 2737 1064 2811 benedictum,

149 2820 246 2881 reteri
267 2820 432 2888 combusto,
447 2815 654 2877 renovandum
668 2823 725 2877 est.
765 2817 802 2877 Id
817 2823 929 2888 tamen,
944 2817 972 2878 si
986 2816 1064 2880 forte*

149 2899 230 2962 iufra
242 2919 355 2960 annum
370 2898 472 2976 aliquo
485 2897 574 2957 modo
587 2896 631 2957 ita
645 2895 777 2967 deficiat,
793 2904 829 2959 ut
848 2895 989 2960 sufficere
1003 2919 1063 2960 non

148 3001 238 3062 posse
251 2980 400 3050 videatur,
415 2997 515 3056 neque
529 2975 612 3037 aliud
632 2977 824 3038 benedictum
841 2977 945 3040 haberi
959 2987 1062 3060 queat,

148 3061 267 3121 modico
279 3061 354 3120 Oleo
366 3077 427 3118 non
437 3057 598 3117 benedicto
611 3054 643 3115 in
654 3056 764 3136 minori·
773 3057 945 3138 quantitate
956 3079 1062 3142 super·

148 3140 260 3212 infuso,
276 3137 408 3221 reparari
421 3141 531 3230 potest·
684 3197 686 3201 ,
808 3206 812 3213 ¹

70 3265 75 3276 .
189 3221 298 3281 Oleum
317 3216 407 3301 porro
427 3236 525 3297 rpsum
539 3216 589 3277 vel
609 3236 664 3296 per
677 3236 709 3278 se
730 3218 838 3289 solum,
852 3217 902 3279 vel
922 3216 957 3279 in
976 3221 1060 3280 bom·

148 3302 246 3372 bacio,
260 3321 313 3361 seu
330 3319 363 3360 re
377 3295 469 3358 simili
490 3296 603 3358 servari
638 3303 734 3359 otest:
755 3299 808 3358 sed
823 3299 863 3360 ad
883 3299 1060 3360 evitandum

149 3380 303 3446 effusionis
328 3377 507 3462 periculum,
531 3379 628 3440 multo
653 3378 836 3442 commodiirs
860 3379 899 3443 sd
923 3379 1061 3443 infirmos

149 3463 287 3528 defertur
306 3460 338 3523 in
358 3457 524 3524 bombacio'.

249 3744 253 3749 ¹
369 3760 401 3829 1
