2234 4006
165 282 203 336 58
372 295 411 335 ou
433 294 630 336 sscnnnruro
652 286 871 337 rmuiruurrn.

167 439 242 498 catis
265 438 336 510 tuis,
358 438 390 498 in
411 437 532 498 nomine
553 436 664 507 Patris,
683 435 716 507 ἦ
735 443 767 497 et
788 435 870 506 Filii,
893 440 925 496 et
949 435 1074 518 Spiritus

164 544 272 606 sancti.
314 544 423 604 Amen.

209 648 243 706 Si
261 649 407 726 penitens
431 649 472 708 eit
496 647 601 719 laicus,
628 649 777 709 omittitur
800 649 930 721 nerium,
954 670 1072 732 suspen·

165 754 268 814 sionis.

204 860 308 921 Passio
335 861 456 921 Domini
481 862 577 921 nostri
601 863 673 921 Jesu
701 859 826 930 Christi,
852 860 963 922 merito
985 864 1071 922 beate

164 967 272 1026 Mariae
286 967 423 1047 virginis,
439 973 470 1028 et
484 967 615 1027 omnium
631 946 824 1036 Sanctorum,
837 966 990 1046 quidquid
1009 966 1071 1027 boni

163 1073 283 1144 seceris,
303 1080 335 1134 et
355 1073 426 1133 maii
448 1072 638 1142 sustinueris,
661 1072 724 1132 sint
743 1072 798 1133 tibi
818 1070 850 1131 in
870 1072 1072 1134 remissionem

163 1186 366 1259 peccatorum,
394 1184 587 1259 augmentum
615 1177 730 1259 gratie,
760 1185 791 1239 et
823 1177 982 1258 proemium
1008 1177 1071 1239 vin
1097 1180 1100 1187 '

164 1290 295 1344 aeteruee.
337 1286 448 1344 Amen.
631 1357 634 1361 ι
1083 1292 1090 1357 s

203 1389 241 1448 In
261 1387 489 1469 confessionibus
509 1395 608 1447 nectem
620 1387 876 1468 frequentioribus
890 1396 919 1447 et
935 1386 1072 1449 breuiori-

166 1495 219 1551 bue
234 1492 452 1571 omittipoteet,
472 1492 668 1562 Misereetur,
683 1498 742 1552 etc.
757 1496 784 1551 et
798 1493 874 1553 sotis
888 1493 945 1552 erit
965 1496 1072 1552 dicere:

164 1597 313 1657 Dominus
333 1603 437 1658 noster
456 1599 545 1658 Jesus
568 1598 719 1668 Christus,
734 1604 793 1658 etc.
813 1605 847 1656 ut
867 1602 968 1675 supro,
988 1615 1073 1678 necne

165 1707 204 1764 cd
217 1704 309 1773 iilud,
326 1702 432 1763 Passio
447 1702 580 1774 Domini,
595 1709 654 1763 etc.
863 1772 866 1777 ¹

209 1808 334 1888 Urgente
358 1811 429 1869 vero
453 1809 558 1888 eliqua
585 1809 675 1893 graui
697 1807 867 1868 necessitate
891 1810 925 1869 in
944 1810 1074 1888 periculo

164 1917 275 1986 mortis,
295 1917 422 1976 breviter
442 1915 537 1975 dicere
552 1915 683 1994 poterit:

204 2019 268 2096 Ego
289 2022 319 2076 te
333 2017 455 2077 absolvo
469 2019 505 2077 ab
522 2016 659 2079 omnibus
674 2016 820 2086 censuris,
835 2021 873 2089 et,
886 2017 1034 2096 peccatis,
1048 2017 1074 2076 in

165 2121 286 2180 nomine
305 2121 416 2191 Patris,
431 2120 466 2191 >E
480 2129 511 2182 et
525 2121 607 2191 Filii,
623 2129 654 2182 et
675 2121 805 2205 Spiritus
820 2122 929 2182 sancti.
970 2123 1075 2183 Amen.

196 2297 244 2344 ns
266 2295 516 2371 Ausonurroun
537 2297 585 2344 Au
607 2297 991 2348 nxoonnuurcnrronn
1014 2301 1050 2349 ru

189 2377 193 2383 ·
464 2384 557 2433 rouo
578 2386 783 2436 Exrnuroru.
933 2378 942 2403 ⁴

228 2533 244 2591 Ι
266 2537 400 2613 potestas
421 2530 597 2591 absolvendi
617 2534 654 2592 ab
672 2533 992 2594 excommunicationis
1014 2553 1075 2594 sen·

249 2611 346 2673 tentia
367 2612 523 2672 Sacerdoti
544 2613 703 2673 commisse
722 2614 815 2674 fuerit
830 2615 848 2671 i
863 2616 902 2674 Su
929 2614 1035 2685 eriore,
1050 2620 1076 2673 et

167 2694 198 2752 in
225 2694 365 2754 mundato
387 2701 470 2753 certa
494 2693 590 2752 formu
610 2693 650 2753 sit
673 2695 861 2775 praescripta,
882 2636 938 2755 ilia
958 2692 1074 2755 omnini

169 2776 317 2834 servanda
339 2779 403 2834 est:
420 2772 454 2833 'si
475 2773 546 2833 veri
572 2774 603 2833 in
629 2774 770 2835 mundato
795 2795 847 2835 seu
870 2775 1073 2835 commissione

169 2854 298 2913 dicitur:
327 2855 362 2914 ln
377 2854 483 2935 serina
506 2854 650 2914 Eecteeiee
676 2863 812 2921 consueto
836 2855 990 2927 absolvot3
1015 2857 1072 2915 haec

169 2936 316 2995 servanda
333 2943 414 2994 sunt.

209 3015 321 3084 Primo,
338 3022 372 3074 ut
387 3015 663 3075 excommunicatus
678 3016 716 3085 ei,
732 3018 768 3076 ob
783 3017 869 3095 cujus
884 3015 1027 3077 offensam
1044 3013 1070 3074 in
1096 3035 1100 3044 ·

170 3095 505 3154 excommunicationem
526 3094 664 3166 incurrit,
679 3095 772 3176 prius,
789 3096 815 3155 si
834 3103 947 3177 potest,
961 3094 1068 3157 satisfc-
1100 3098 1104 3105 '

170 3174 241 3234 ciat.
282 3173 408 3246 Quodsi
421 3181 451 3234 tu
457 3195 494 3234 nc
506 3196 566 3236 non
580 3176 686 3256 possit,
699 3177 896 3237 sufficientem
910 3177 1066 3239 cautiones

170 3257 312 3336 prebeat,
327 3259 380 3314 aut
393 3255 511 3326 saltem,
524 3256 549 3315 si
564 3276 627 3316 eam
643 3264 786 3337 praestare
801 3277 862 3319 nou
875 3265 988 3340 potest,
996 3254 1068 3337 juret

171 3355 215 3404 se,
230 3341 264 3394 ut
277 3332 404 3415 primtm
417 3335 537 3416 poterit,
553 3337 790 3398 satisfacturum.

211 3414 364 3485 Secundo,
376 3415 403 3475 si
417 3417 541 3487 crimen,
553 3420 590 3477 ob
602 3418 682 3496 quod
696 3419 728 3478 in
740 3418 968 3481 excommunica
981 3416 989 3433 ⁴
1004 3426 1009 3431 '
1036 3484 1039 3489 ,
1082 3438 1097 3477 ἰ

171 3494 290 3569 incidit,
304 3496 345 3561 eit
363 3516 465 3581 grave,
481 3498 685 3577 juramentum
706 3501 743 3560 ab
763 3519 799 3560 eo
816 3499 956 3581 exigetur
967 3420 1098 3579 m
