2234 4006
718 114 737 211 a

308 323 348 364 na
371 312 571 365 oacaaunrro
592 323 744 366 aarmsur.
944 314 982 370 27

216 557 271 616 on
301 556 522 618 sarriano
552 514 839 639 unumunurn.

71 727 147 880 SI
166 725 236 805 quis
247 712 373 787 ¹adultus
387 727 429 787 sit
447 727 660 808 baptizandus,
676 728 767 789 debet
779 728 861 821 pribs
876 747 984 789 secun-

151 805 222 865 dum
237 806 446 885 Apostolicam
467 809 602 888 regulam
622 808 655 867 in
674 808 847 869 Christiana
868 807 928 870 fide
949 831 984 870 ac

68 884 185 948 sanctis
208 888 338 947 moribus
353 887 516 968 diligenter
530 888 651 958 instrui,
666 894 698 947 et
716 909 770 970 per
784 889 902 968 aliquot
919 891 985 951 dies

70 968 100 1027 in
113 966 256 1048 operibus
271 967 393 1047 pietatis
408 969 553 1039 exerceri,
569 970 695 1048 ejusque
709 971 849 1029 voluntas
865 976 896 1029 et
916 992 984 1051 pro·

69 1049 203 1128 positum
217 1048 323 1128 sapitis
338 1048 499 1129 explorari,
515 1056 545 1109 ct
559 1069 620 1110 non
634 1050 694 1108 nisi
708 1050 807 1110 sciens
823 1055 854 1109 et
867 1050 984 1119 volens,

72 1131 225 1209 probeque
238 1128 406 1188 instructus
421 1129 580 1209 baptizari.
612 1142 615 1147 '
639 1205 644 1210 Ι

109 1208 239 1268 atvero
254 1208 371 1288 siquis,
384 1208 456 1268 d'um
470 1210 641 1279 instruitur,
653 1211 685 1268 in
696 1208 801 1268 mortis
816 1208 985 1288 periculum

74 1288 198 1359 incidat,
212 1288 422 1370 baptizarique
436 1289 577 1360 voluerit,
599 1290 700 1350 habita
721 1288 836 1349 ratione
857 1290 985 1369 periculi

20 1370 43 1379 ''
74 1369 118 1429 uel
133 1369 327 1430 necessitatis
340 1369 524 1450 baptizetur.

110 1448 298 1510 Adultorum
323 1449 508 1530 Baptismus,
530 1449 582 1509 ubi
607 1449 762 1510 commode
784 1449 850 1509 fieri
875 1455 985 1530 potest,

10 1528 34 1573 “T-
76 1530 110 1589 ad
135 1529 319 1611 Episcopum
343 1529 507 1600 deferatur,
529 1534 564 1590 ut
588 1530 614 1589 si
640 1531 686 1590 illi
707 1529 867 1612 placuerit,
890 1532 927 1590 ab
952 1551 986 1590 eo

10 1606 26 1644 ²
77 1609 236 1670 solemnibs
258 1609 449 1682 conferatur3
471 1610 607 1690 alioquin
628 1611 782 1672 Parocbus
803 1611 867 1691 ipse
888 1612 986 1689 bapti-

20 1748 23 1752 .
77 1697 135 1759 zet,
150 1697 231 1750 stata
245 1691 433 1750 caeremonia.
465 1696 468 1701 '

27 1762 43 1837 ’,
111 1772 211 1832 Decet
232 1776 334 1831 autem
355 1763 526 1850 hujusmodi
547 1770 735 1852 Baptismum
757 1792 794 1830 ex
810 1769 987 1848 Apostolico

10 1840 53 1975 {l
77 1849 223 1921 instituto,
233 1851 264 1910 in
278 1852 407 1911 Sabbata
419 1859 524 1913 sancto
536 1850 704 1919 Paschatis,
714 1850 764 1909 vel
778 1852 987 1919 PentecosteS,

10 1930 14 1965 ¹
78 1932 251 1992 solemniter
266 1931 422 1992 celebrari.

10 2002 39 2043 ΠΣ
111 2012 213 2085 Quare
229 2011 256 2070 si
270 2011 351 2072 circa
364 2010 429 2071 baec
444 2016 580 2091 tempora
597 2009 816 2068 Cateclrumeni
831 2008 893 2069 sint
915 2012 987 2091 bap-

45 2148 48 2155 .
77 2091 202 2162 tizandi,
222 2092 255 2151 in
275 2091 357 2172 ipsos
378 2091 455 2161 dies,
477 2090 503 2150 si
523 2088 598 2149 nihil
621 2088 777 2169 impediat,
798 2089 988 2170 Baptismum

10 2163 43 2224 pr
76 2170 171 2231 differi
192 2171 347 2232 convenit.

10 2244 40 2313 Π
110 2250 226 2312 Verbm
241 2252 267 2312 si
282 2252 373 2321 circa,
388 2271 441 2312 seu
456 2256 526 2332 post
544 2253 664 2330 tempus
679 2249 878 2311 Pentecostes
893 2249 989 2328 aliqui

10 2323 35 2361 Π
75 2332 212 2393 conversi
227 2332 352 2401 fuerint,
367 2331 420 2410 qui
437 2330 515 2411 aegre
528 2329 629 2389 ferant
642 2350 729 2389 suum
744 2329 934 2412 Baptismum
957 2329 989 2388 in

25 2480 30 2486 1
74 2411 197 2493 longum
209 2417 331 2493 tempus
346 2411 471 2480 differri,
486 2410 569 2471 etad
590 2410 668 2468 illud
683 2410 840 2480 festinent,
855 2410 988 2469 instruc·-

13 2483 36 2585 i
74 2491 158 2571 tique
180 2512 218 2553 ac
241 2492 310 2554 rite
323 2491 420 2574 parati
443 2511 509 2550 esse
534 2497 709 2560 noscantur,
731 2489 821 2551 citius
840 2490 990 2569 baptizari

10 2564 37 2675 lp*
75 2571 232 2652 possunt'

10 2620 29 2682 u'

10 1290 13 1297 ι

10 1448 17 1461 Ι

33 2718 36 2723 ,
113 2652 359 2714 catechumenus
383 2651 552 2711 instructus
579 2651 752 2731 baptizetur
778 2651 810 2710 in
837 2649 988 2719 Ecclesia,

76 2752 126 2792 seu
141 2733 174 2791 in
190 2732 385 2813 Baptisterio.
426 2731 570 2792 Patrinus
585 2731 612 2790 ei
627 2731 760 2800 assistat,
773 2729 883 2810 etipse
898 2729 989 2790 Cate-

75 2813 242 2873 cbumenus
263 2813 301 2873 ad
327 2812 501 2873 Sacerdotis
525 2811 776 2890 interrogationes
797 2809 989 2890 respondeat,

77 2893 134 2963 nisi
151 2900 257 2955 mutus
277 2892 380 2962 fuerit,
395 2899 448 2953 aut
462 2891 584 2951 omnino
596 2891 720 2960 surdus,
734 2891 784 2949 vel
805 2890 914 2970 ignotae
929 2890 989 2950 lin-

79 2994 160 3052 guae3
176 2994 243 3054 -quo
258 2993 329 3034 casu
344 2975 393 3034 vel
415 2993 469 3053 per
487 2971 657 3040 Patrinum,
676 2971 701 3030 si
721 2971 805 3031 illam
826 2970 989 3064 intelligat,

79 3061 128 3114 aut
147 3053 242 3114 alium
263 3053 471 3135 interpretem,
486 3053 535 3112 vel
557 3059 633 3112 nutu
656 3072 836 3119 consensum
858 3051 991 3133 explicet

81 3153 172 3193 suum.

103 3215 175 3274 ,Pro
208 3213 298 3294 hujus
332 3220 432 3274 autem
463 3212 658 3274 veneratione
693 3213 891 3282 Sacramenti‚
926 3213 990 3272 tam

33 3338 37 3377 ¹.
82 3294 273 3355 Sacerdotem
287 3294 340 3373 qui
360 3294 481 3355 adultos
501 3293 678 3374 baptizabit,
694 3294 786 3372 quam
806 3293 888 3374 ipsos
902 3293 990 3352 adul-

81 3383 125 3434 tos
138 3375 192 3455 qni
207 3374 273 3435 sani
287 3381 370 3445 sunt,
385 3373 529 3436 convenit
542 3394 609 3434 esse
621 3375 753 3454 jejunos.

117 3454 218 3530 Quare
232 3473 293 3515 non
307 3462 377 3535 post
390 3455 506 3536 epulas,
521 3462 574 3515 aut
593 3454 731 3535 prandia,
746 3454 800 3513 sed
815 3459 885 3513 anto
899 3451 989 3510 meri-

80 3532 159 3596 diem
171 3534 245 3615 (nisi
259 3554 298 3595 ex
310 3535 481 3596 rationabili
502 3554 593 3595 causa
606 3535 696 3597 aliter
710 3534 882 3595 faciendum
897 3528 989 3607 esset)

80 3634 182 3677 eornm
197 3614 355 3698 Baptisma
375 3617 554 3678 celebretur.
