2234 4006
37 263 48 273 ⁸
108 253 167 310 150
302 242 315 267 '
394 263 435 306 ur
456 228 742 309 murorcrrorlnur.
812 232 822 260 ²

142 408 258 469 Deinde
272 406 383 467 dicitur
397 405 498 468 Misso
511 407 546 466 de
560 407 608 468 die
621 407 796 469 occurrenti.

150 489 287 570 Simplex
306 487 459 560 Sacerdos,
472 491 585 548 tantam
599 506 636 548 ee
643 487 815 567 priuilegio⁴
830 486 922 548 Sedu
936 487 1025 568 Apor-

91 570 215 638 tolica,
230 567 511 648 potest'Eccleeiam
532 567 576 646 *ab*
586 568 736 648 Episcopo
757 573 967 630 enumeratam
986 587 1025 628 re·

106 650 275 710 conciliare.
319 647 365 708 Et
389 651 458 707 tunc
482 657 586 708 ututur
608 650 669 708 ritu
693 651 728 708 in
749 649 935 729 Pontificc'eli
953 668 1025 730 prar-

60 748 64 756 ·
106 731 216 807 scripto
222 752 236 800 ,·
267 729 463 808 procedatque
489 729 611 788 indutus
638 730 756 799 amictu,
784 723 878 800 albu,
895 728 1025 810 cingulo,

14 849 18 863 .
106 810 195 877 stolo,
222 813 254 869 et
271 808 403 888 pluviali
430 810 492 868 albi
518 809 635 879 eoloris,
661 809 804 868 adhibitis
819 828 943 870 secum*
961 811 1024 868 aliis

66 914 69 921 ’
104 889 294 969 Presbyteria
312 892 340 947 el
359 888 483 949 clericis
499 884 717 968 superpelliceis
729 889 860 962 indutie,
876 909 945 962 curo
958 909 1025 970 aquo

106 970 143 1029 ab
156 969 307 1049 Episcopo
322 969 457 1063 udbua'c
471 989 552 1028 urum
565 970 624 1028 riti
638 969 800 1031 benedicto.
833 1040 838 1050 „

104 1166 191 1230 mnus
205 1166 402 1213 armamentum
418 1164 524 1205 Novum
543 1164 748 1224 coemnruumm
764 1164 819 1204 PER
836 1164 1024 1232 sncmpomi

379 1241 416 1281 AB
434 1239 572 1280 EPISCOPO
590 1239 778 1281 DDLECATUM.
795 1296 799 1300 .

89 1435 93 1439 .
173 1360 295 1419 ulula
314 1356 416 1438 'quam
441 1357 496 1417 fiat
518 1357 705 1429 benedictio,
726 1357 852 1438 ponitur
876 1358 911 1418 in
934 1358 1024 1419 medio

83 1446 99 1519 J
131 1488 134 1493 .
196 1440 372 1501 Coemeterii
407 1437 609 1499 benedicendi
644 1438 744 1518 lignea
772 1437 870 1509 Crux,
900 1439 970 1511 alta·
989 1439 1023 1499 ad

25 1535 27 1539 ’
107 1530 254 1583 staturam
281 1519 429 1589 hominis3
458 1525 490 1579 et
513 1527 584 1579 urite
608 1517 705 1598 ipsam
732 1517 865 1581 Crucem
892 1519 926 1580 in
951 1527 1024 1581 term

105 1601 209 1684 ligitur
220 1600 482 1682 paxillus'tridens
495 1599 614 1679 ligneus
626 1599 706 1659 ultus
719 1597 757 1658 ad
773 1600 913 1660 cubitum
926 1619 1023 1669 unum,

104 1691 197 1766 aptus
211 1682 250 1744 ad
269 1680 451 1761 affigendum
466 1679 513 1738 illi
527 1689 590 1739 tres
605 1679 758 1739 candelas.

148 1763 296 1843 Sequenti
321 1762 375 1821 die·
392 1760 479 1819 mane
500 1759 654 1841 Sacerdos
679 1760 711 1820 in
726 1760 885 1826 ,sacristia
903 1767 1023 1842 paratus

86 1845 232 1920 amictu,
254 1845 332 1912 alba,
355 1841 488 1921 cingulo,
511 1841 599 1910 stola,
621 1847 653 1901 et
672 1840 800 1922 pluviali
821 1841 884 1901 albi
908 1842 1024 1911 coloris,

107 1925 250 1986 adhibitis
271 1924 389 2003 aliquot
410 1921 624 1983 Sacerdotibus
640 1928 671 1980 et
692 1919 823 1991 Clericis
837 1916 958 1983 indutis
979 1943 1024 1981 su·

102 2005 310 2088 ,perpelliceis
326 2003 378 2082 qui
400 2001 542 2085 delerant
555 2002 713 2061 vasculum
729 2005 829 2080 Aquae
847 2003 1024 2072 benedicte,

95 2086 315 2167 aspergillum,
331 2093 362 2142 et
382 2082 570 2141 thuribulum
591 2102 658 2142 cum
681 2081 804 2154 incensi
820 2083 977 2154 navicula,
998 2094 1026 2143 et

105 2167 161 2227 boc
182 2165 300 2225 Rituali
323 2163 411 2231 libro,
427 2170 459 2222 et
478 2162 575 2233 tribus
597 2162 734 2222 candelis
757 2162 865 2234 cereis,
893 2164 1027 2246 procedit

107 2246 145 2306 ad
161 2244 376 2318 Coemeterium
392 2243 634 2303 benedicendum
649 2249 720 2303 ante
735 2243 866 2304 Crucem
883 2243 917 2304 in
933 2245 1025 2306 medio

106 2325 248 2407 positam,
269 2333 302 2409 et
322 2323 495 2402 affiguntur,
519 2330 551 2383 et
575 2324 785 2398 accenduntur
804 2332 869 2384 tres
895 2327 1025 2386 candele

106 2426 197 2487 super
212 2405 354 2486 ligneum
365 2402 524 2484 paxillum,
537 2409 572 2463 ‘et
592 2404 740 2464 Sacerdos
754 2412 826 2464 ante
848 2405 983 2468 Crucem
997 2413 1025 2466 et

106 2486 261 2557 candelas,
277 2493 361 2546 stans
377 2483 685 2571 discooperto'capite
700 2484 793 2544 dicit:
846 2552 866 2570 λ
959 2537 963 2543 .

446 2664 449 2673 “
507 2681 632 2722 oramus.
673 2684 679 2690 ·’

173 2802 440 2865 MNIPOTENSv
451 2784 614 2880 Deus,qui
635 2821 668 2877 es
682 2807 787 2862 custos
809 2801 981 2864 animarum
995 2808 1022 2861 et

194 2910 290 2982 tutela
312 2909 430 2978 salutis,
456 2899 534 2967 fides
558 2906 759 2978 credentium,
775 2907 905 2989 ,respice
926 2907 1021 2990 propi·

103 3017 166 3078 tius
181 3016 229 3100 ad
256 3023 366 3074 nostrae
392 3013 548 3075 servitutis
573 3011 716 3096 officium,
744 3019 775 3074 et
798 3014 839 3074 'ad
866 3012 1021 3077 introitum

104 3127 241 3184 nostrum
261 3121 467 3201 purgetur,·t1l
480 3119 689 3190 benedicatur,
706 3119 739 3180 et
754 3119 853 3181 sancti
868 3121 905 3194 ἦ
918 3120 1021 3184 ficetur

105 3229 163 3290 hoc
188 3223 416 3295 Coemeterium,
438 3231 477 3295 ut
495 3224 771 3309 humanacorpora
791 3225 845 3286 hic
867 3233 941 3308 post
957 3227 1020 3291 rite

107 3353 229 3405 cursum
250 3329 439 3411 quiescentia
459 3328 491 3389 in
511 3350 618 3411 magno
637 3331 748 3412 judicii
769 3331 820 3392 die
841 3331 934 3417 simul
956 3351 1019 3395 cum

106 3439 247 3503 felicibus
267 3432 423 3497 animabus
446 3443 619 3497 mereantur
639 3437 767 3518 adipisci
789 3437 859 3499 vite
882 3438 1019 3521 perennis

107 3547 228 3632 gaudia.
255 3544 315 3607 Per
329 3540 486 3605 Christum
500 3541 663 3607 Dominum
675 3540 823 3604 nostrum.
852 3525 896 3617 Β)
915 3546 1019 3607 Amen.
