2206 4004
193 307 197 323 ι
227 250 488 335 unumunurn
506 289 662 333 saranum
683 266 857 355 cromerus.
961 274 999 335 61

87 454 140 498 nos
156 457 177 496 a
162 435 282 496 malo.
314 426 356 508 W.
377 432 503 496 Salvum
521 433 571 496 fac
592 450 714 497 servum
732 412 828 496 tbum
860 419 898 507 Q.
917 433 1003 531 Deus

90 562 172 603 meus
194 542 396 629 sperantem
388 560 420 601 ιιι
433 547 476 602 te.
495 531 538 613 ΧΤ.
558 539 692 602 Mitte'
666 560 694 601 er
713 540 843 602 Domine
857 540 1004 603 auxilium

91 648 125 709 de
138 654 258 710 sancto
282 626 323 717 Q
342 645 722 709 EtdeSiontuereeum.
745 642 865 723 γι
807 645 1002 709 EstoeiDo·

93 753 167 816 nine
180 753 278 816 turris
291 751 490 815 fortitudinis.
510 738 551 828 Q.
572 753 602 813 A
615 751 833 815 lacieidirnioi.
852 746 894 828 ΧΤ.
915 750 1002 813 Nihil

95 859 230 940 proficiat
247 857 391 921 inimicus
410 857 444 919 in
465 878 511 919 eo.
530 847 570 940 Q.
589 857 632 921 ut
649 836 731 920 lilius
750 858 921 939 iniquitatis
941 877 1003 919 non

96 971 221 1048 apponat
252 985 364 1026 nocere
391 963 431 1025 ei.
464 953 507 1034 71.
534 964 664 1026 Domine
695 965 805 1027 exaudi
838 958 1004 1026 orationem

96 1091 195 1133 meam.
215 1052 256 1142 Q.
275 1071 319 1133 Et
331 1070 445 1132 clamor
459 1090 544 1143 meus
559 1072 596 1133 ad
610 1076 642 1134 te
655 1071 768 1135 ventat.
792 1055 834 1138 d
855 1072 1004 1180 Dominus

97 1178 253 1240 vobiscum.
274 1167 314 1256 Q.
334 1176 460 1238 Etcum
474 1175 582 1259 spiritu
596 1183 676 1239 tuo.

285 1323 289 1330 ’
412 1314 691 1394 ,όιιιιιυι.’

164 1485 308 1547 ΟΜΙΝΕ
322 1486 418 1556 Deus,
431 1485 484 1566 qui
498 1505 552 1567 per
563 1484 745 1566 Apostolum
758 1490 844 1549 tuum
858 1487 1003 1551 Jacobum

185 1593 307 1653 locutus
328 1613 378 1652 es:
407 1590 583 1653 Infirmatur
604 1591 672 1672 quis
694 1591 727 1653 in
744 1592 854 1654 vobis?
877 1594 1005 1657 inducat

84 1695 287 1778 'Presbyteros
307 1696 467 1768 Ecclesiae,
477 1703 517 1771 ¹et
536 1704 624 1785 orent
641 1717 736 1778 super
755 1718 833 1768 eum,
853 1706 1004 1780 ungentes

100 1823 157 1864 eum
178 1804 253 1864 Oleo
274 1801 444 1863 innomine
466 1803 606 1864 Dominio
628 1809 660 1862 et
673 1791 773 1863 oratio*
782 1801 854 1863 fidei
875 1803 1005 1864 salvabit

100 1908 251 1980 infirmum,
265 1915 308 1976 ,et
324 1908 481 1970 alleviabit
501 1927 570 1968 eum
591 1906 757 1966 Dominusz
781 1912 814 1967 et
833 1906 859 1967 si
878 1907 912 1970 in
927 1899 1003 1990 'pec-

101 2015 231 2088 redusit,
243 1998 437 2079 remittentur
451 2013 497 2074 ei:
522 2033 605 2084 cura,
618 1999 1004 2097 quesumusmedemptor

73 2147 78 2153 ·
100 2128 202 2193 noster,
216 2121 314 2203 gratia
328 2120 427 2203 sancti
448 2118 579 2201 Spiritus
597 2119 757 2200 languores
776 2119 865 2182 istius
879 2094 1012 2195 infirmis

100 2229 216 2309 ejusque
228 2220 447 2297 sauavulnera,
459 2231 492 2286 et
502 2224 622 2287 dimitte
631 2233 768 2308 peccata,
780 2233 872 2308 atque
883 2230 1004 2292 dolores

100 2339 216 2396 cunctos
237 2331 348 2394 mentis
363 2338 395 2393 et
415 2331 548 2414 corporis
569 2333 606 2392 ab
627 2351 662 2392 eo
676 2333 806 2414 expelle,
820 2335 1004 2417 plenamque

98 2436 215 2502 interius
230 2444 263 2500 et
277 2437 413 2499 exterius
425 2430 586 2499 sanitatem
599 2437 836 2500 misericorditer
849 2441 954 2512 redde,
968 2449 1005 2502 ut

97 2565 146 2626 ope
158 2543 376 2607 misericordiae
390 2549 448 2604 tuae
463 2543 633 2613 restitutus,
648 2543 686 2604 ad
706 2544 835 2625 pristina
847 2552 1004 2628 reparetur

47 2686 49 2695 =
97 2648 199 2713 officia.
239 2648 300 2738 Qui
314 2668 383 2709 cum
392 2648 488 2711 Patre
503 2655 535 2710 et
552 2647 666 2729 Spiritu
681 2656 786 2714 sancto
799 2649 876 2712 vivis
891 2656 923 2711 et
935 2671 1002 2733 reg·

97 2775 144 2818 nas
157 2756 245 2818 Deus
258 2754 291 2814 in
305 2755 418 2817 secula
431 2742 620 2817 seculorum.
662 2755 771 2816 Amen.

485 2931 613 2974 OBEMUS·

47 3058 49 3063 ’
161 3061 513 3143 nuncupassemus
533 3063 674 3137 Domine,
688 3064 835 3127 famulum
854 3071 941 3128 tuum
959 3067 1001 3128 N.

181 3169 216 3231 in
227 3165 402 3257 infirmitate
414 3168 463 3229 sui
473 3170 605 3252 corporis
616 3169 820 3243 fatiscentem,
832 3178 864 3233 et
874 3171 1004 3233 animam

95 3276 204 3346 refove,
226 3262 317 3354 qndm
337 3273 465 3336 creasti:
490 3282 527 3336 ut
548 3277 796 3363 castigationibus
817 3276 1005 3348 emendatus,

95 3401 125 3443 se
137 3389 192 3443 tua
205 3378 318 3442 sentiat
330 3378 481 3440 medicina
495 3382 657 3461 salvatum,
696 3403 758 3472 per
772 3383 925 3449 Christum
943 3382 1006 3443 Do·

94 3485 207 3548 ninum
219 3490 367 3548 nostrum.
409 3484 518 3547 Amen.

211 3585 232 3645 6
