2234 4006
10 300 27 355 i

318 290 507 334 ounnnmnno
529 292 718 335 economus.
912 279 974 343 187

335 506 339 513 Ι
420 448 557 493 reanum
572 450 616 493 me.

10 576 26 607 ἶ
59 574 62 579 ’
93 584 181 645 Ecce
201 583 296 663 quim
315 584 440 654 bonum,
455 589 488 644 ot
504 582 597 681 quim
614 583 796 663 jucundum,
812 583 976 646 *habitare

50 688 168 751 fratres
181 687 215 749 in
230 707 344 748 unum:

97 793 188 857 Siout
211 799 401 875 unguentum
425 793 459 855 in
485 794 595 876 capite,
617 798 635 833 ¹*
655 794 738 875 qnod
760 795 922 858 descendit
944 795 977 857 in

53 903 191 972 barbam,
205 902 328 961 barbam
342 888 467 972 Aaron}
779 930 792 953 .
837 984 840 989 Ι
964 936 968 943 .

10 924 190 1197 hQuod
203 1003 367 1069 descendit
377 1004 410 1077 in
421 1026 503 1067 oram
515 1004 691 1069 vestimenti
703 1005 788 1089 ajune
802 1010 822 1049 ¹*
834 1007 915 1070 siout
927 1027 977 1068 roo

92 1130 210 1183 που,
226 1110 279 1192 qui
292 1110 455 1173 deseendit
468 1110 501 1171 in
509 1119 648 1179 ouantem
662 1111 747 1179 Sion.

99 1217 252 1293 Quoniam
271 1216 337 1277 illio
351 1216 510 1279 mandavit
523 1216 672 1281 Dominus
691 1217 946 1290 benedictionem,
960 1224 977 1258 ³*

58 1330 93 1387 et
105 1323 202 1387 vitam
215 1321 362 1403 usquein
376 1312 534 1383 naculum.
548 1344 551 1351 ·
682 1326 685 1333 '

103 1428 213 1491 Gloria
226 1427 324 1500 Patri,
339 1434 400 1489 etc.
582 1424 585 1429 ’

102 1535 178 1599 Ant.
211 1533 419 1616 Suscepimuo,
446 1533 544 1603 Deua,
571 1532 810 1597 misericordiam
835 1541 919 1598 tuam
938 1528 977 1597 ¹in

59 1640 165 1703 medio
185 1640 292 1722 templi
312 1640 375 1702 tui:
398 1638 564 1703 secundnm
585 1659 696 1701 nomen
711 1648 808 1712 tuum,
823 1641 918 1712 Deus,
933 1642 978 1703 uic

59 1752 97 1811 ot
119 1746 189 1809 laun
211 1750 267 1831 tua
289 1744 322 1806 in
342 1744 419 1807 fines
444 1751 552 1817 tenrae3
575 1744 697 1825 justitia
719 1744 812 1828 plenu
832 1751 880 1806 est
904 1746 977 1807 dex·

59 1860 132 1917 tera
150 1858 214 1914 tua.

104 1956 203 2039 Kyme
216 1955 343 2017 eleison.
385 1954 507 2016 Christe
520 1953 646 2016 eleison.
685 1955 784 2039 Kyrie
798 1955 922 2017 eleison.

105 2065 199 2125 Pater
213 2066 328 2133 noster,
342 2064 403 2123 oto.

104 2157 148 2239 Ῡ.
168 2168 211 2229 nt
223 2176 264 2229 n'e
273 2185 330 2229 noa
341 2163 472 2228 inducas
485 2165 519 2226 in
533 2166 744 2229 tentationem.

105 2256 148 2347 D.
168 2272 231 2335 sen
244 2270 341 2334 libera
354 2291 410 2333 nos
426 2272 445 2329 a
458 2273 547 2332 malo.

106 2369 149 2449 u.
171 2378 297 2439 Salvum
316 2376 367 2439 fac
389 2397 510 2438 servum
529 2383 618 2439 tuom
632 2377 694 2459 (uel
711 2379 856 2443 ancillam
875 2378 983 2458 tuam.)

107 2467 149 2557 D.
169 2484 254 2545 Dens
267 2503 366 2553 mens,
381 2490 553 2564 sperantem
566 2482 600 2545 in
613 2490 655 2545 te.
725 2486 729 2491 '

107 2579 151 2661 iis.
171 2589 266 2650 Mitte
284 2588 324 2658 ei,
339 2589 482 2660 Domine,
496 2589 643 2650 auxilium
657 2588 696 2650 de
711 2596 827 2651 sancto.

108 2681 149 2770 D.
170 2697 213 2757 Et
226 2696 265 2755 de
281 2695 365 2765 Sion,
382 2701 467 2755 tuere
478 2714 547 2753 enm
563 2694 624 2773 (ool
637 2694 726 2773 eam.)

109 2790 152 2871 iis.
173 2799 260 2861 Nihil
281 2798 423 2881 proficiat
435 2798 577 2859 inimicus
590 2798 624 2857 in
637 2818 674 2859 eo
688 2796 750 2877 (uel
761 2799 792 2858 in
808 2796 865 2878 ea.)

71 2902 87 2945 t
109 2892 150 2981 D.
169 2908 210 2968 Et
222 2906 306 2967 filius
319 2905 492 2985 iniquitatis
506 2924 568 2965 non
581 2884 713 2987 apponat
726 2925 835 2969 nocere
850 2906 889 2967 ei.

10 3018 13 3023 '
109 3002 152 3083 il.
173 3011 315 3082 Domine,
330 3011 442 3072 exaudi
454 3008 621 3073 orationem
635 3028 742 3073 meam.

110 3098 151 3188 D.
172 3116 215 3175 Et
228 3114 342 3175 clamor
355 3132 442 3175 meno
455 3111 495 3174 a‘d
511 3119 543 3174 te
557 3110 670 3205 veniat.

111 3208 154 3289 il.
175 3218 325 3281 Dominus
345 3219 513 3280 vobiscum.
589 3256 592 3261 -

112 3308 153 3398 D.
173 3327 216 3393 Et
229 3345 300 3389 oum
313 3324 423 3409 spiritu
436 3332 499 3390 tuo.
