2206 4004
94 273 153 329 150
380 285 421 327 nn
442 258 742 326 mnnrcrromua'
852 338 856 346 ἱ
1007 39 1034 495 ι

193 441 317 485 onnuns.
410 420 414 425 ’
789 439 911 484 onumo.

163 536 419 637 thIPOTENS
440 574 623 656 sempiterne
639 574 740 645 Dens,
754 573 810 653 qni
828 564 998 635 Sanctorum
1030 576 1052 853 p

182 681 304 744 tuorum
322 680 469 762 imagines
490 678 564 761 (ciue
584 676 711 760 effigies)
733 674 836 761 ¹sculpi
855 684 911 740 ant
928 676 1002 761 pingi
1050 706 1052 711 ·

93 806 155 848 non
175 788 380 868 reprobarunt
398 784 518 865 quoties
538 784 608 845 illas
622 782 720 845 oculis
738 784 893 867 corporeis
914 784 1004 845 intue-

94 912 171 964 mur,
187 892 278 954 toties
293 910 396 953 eorum
410 897 497 953 actus
512 895 544 951 et
564 890 758 953 sanctitatem
771 890 812 951 ad
832 889 1006 953 imitandum

94 997 245 1059 memoriae
266 996 363 1059 oculis
383 996 582 1059 meditemur:
602 994 693 1067 hanc,
707 1014 894 1075 quaesumus,
907 994 1008 1077 imagi·

97 1123 166 1165 nem
183 1104 247 1184 (ceu
266 1099 465 1184 sculpturam)
480 1101 513 1162 in
534 1101 678 1187 honorem
698 1106 731 1163 et
749 1100 929 1163 memoriam
946 1100 1009 1161 nni·

95 1209 192 1290 geniti
207 1208 279 1269 Filii
292 1207 338 1270 tui
353 1206 476 1269 Domini
489 1207 585 1268 nostri
599 1207 616 1266 J
619 1226 671 1266 esu
687 1205 812 1293 Christi,
829 1205 891 1288 (vel
904 1207 1011 1268 beatis·

98 1313 180 1374 simae
191 1298 317 1394 virginis
325 1313 435 1373 Mariae
445 1311 556 1373 Matris
566 1310 689 1372 Domini
698 1310 795 1372 nostri
802 1310 821 1372 J
823 1332 877 1372 esu
889 1312 1011 1382 Christi,

97 1420 146 1479 uel
156 1414 236 1479 beati
247 1418 291 1478 N.
301 1418 441 1500 Apostoli
452 1418 508 1487 tui,
519 1418 567 1478 ccl
579 1417 739 1499 Martyris,
750 1416 799 1478 uel
809 1416 1013 1489 Confessoris,

99 1529 153 1583 aut
165 1523 335 1594 Pontificio,
350 1528 401 1584 out
415 1522 563 1605 Virginis)
578 1524 751 1604 adaptatam
766 1518 849 1585 ¹bene
864 1535 901 1607 m
914 1525 1014 1586 dicere

96 1636 130 1690 et
151 1628 249 1690 sancti
264 1628 402 1702 fflficare
417 1627 570 1709 digneris:
592 1634 623 1688 et
637 1634 759 1709 praesta,
773 1634 809 1689 ut
830 1629 1014 1711 quicumque
1040 1654 1052 1685 a

45 1815 47 1819 Ι
99 1754 200 1796 coram
220 1733 275 1794 illa
294 1733 483 1815 unigenitum
503 1732 616 1793 Filium
629 1739 716 1794 tuum
732 1728 792 1815 (uel
810 1735 1016 1797 beatissimam
1047 1772 1052 1779 ·

100 1841 268 1923 Virginem,
283 1838 333 1900 oei
353 1838 517 1921 gloriosum
537 1838 730 1918 Apostolum,
745 1838 809 1899 stoc
832 1840 1016 1922 Martyrum,

99 1947 161 2006 sior
182 1945 406 2015 Confessorem,
421 1948 476 2005 out
488 1942 658 2024 Virginem)
673 1943 855 2025 suppliciter
867 1946 971 2007 colere
985 1951 1015 2007 et
1041 1965 1044 1969 ’

100 2051 247 2112 honorare
261 2050 423 2121 studuerit,
438 2049 522 2109 illius
535 2047 652 2110 meritis
666 2054 698 2111 et
711 2051 849 2120 obtentu,
865 2050 886 2109 ri
900 2058 932 2112 te
951 2072 1017 2133 gra-

96 2157 173 2227 tiam
199 2154 233 2214 in
259 2155 410 2236 presenti,
438 2160 470 2215 et
497 2161 638 2215 oeternum
667 2154 793 2236 gloriam
821 2155 961 2218 obtineat
985 2157 1016 2217 in

36 2320 39 2325 ,
100 2259 246 2319 futurum.
287 2258 348 2317 Per
362 2258 501 2336 eumdem
521 2256 677 2321 Christum
690 2259 855 2320 Dominum
868 2269 1016 2324 nostrum.

132 2405 140 2421 .
161 2363 271 2422 Amen.

101 2344 130 2433 Β)
143 2461 252 2522 Ultimo
267 2465 408 2542 aspergat
421 2460 507 2540 Aqua
521 2463 682 2526 benedicta.

1020 2548 1024 2553 '
1048 2536 1052 2593 l

99 2643 185 2686 ulrus
203 2639 399 2683 numunianum
411 2639 452 2682 ΕἜ
463 2638 626 2681 ῙΜΡΟΝΕΝΒΙ
639 2640 805 2682 PRIMARIUM
817 2641 952 2685 LAPIDEM
965 2642 1017 2689 PRO
1035 2598 1052 2717 d

173 2717 316 2760 ECCLESIA
332 2714 528 2767 AEnlrlcnnnn,
546 2714 716 2756 SERVANDUS
733 2716 753 2756 A
773 2717 947 2760 SACERDOTB

274 2789 474 2834 FACULTATEM
490 2790 628 2832 HABENTE
642 2791 680 2831 An
697 2791 843 2834 EPISCOPO.

171 2922 393 2984 CCLESIAM
427 2943 465 2983 ex
495 2920 640 3005 Episcopi
672 2922 858 2985 auctoritato¹
886 2925 1013 2996 tanthm,

186 3004 275 3082 juxta
296 3024 449 3066 sacrorum
472 3004 631 3064 Canonum
652 3003 786 3073 decreta,
804 3003 950 3066 edificari
972 3007 1016 3067 fas

100 3094 158 3142 est.
199 3083 232 3142 Si
252 3083 324 3143 vend
347 3083 495 3144 Sacerdos
517 3086 582 3163 ejus
607 3083 814 3144 aedificationis
839 3085 1015 3166 primarium

98 3161 231 3242 lapidem
264 3163 466 3225 benedicendi
499 3169 680 3242 potestatem
713 3163 836 3235 habens,
866 3166 1014 3246 ejusmodi

100 3242 288 3304 functionem
308 3250 442 3322 peragat,
464 3242 545 3303 hunc
566 3243 658 3304 ritum
680 3244 823 3305 servabit.

140 3320 241 3383 Pridie
262 3323 356 3401 qudm
374 3322 534 3405 primarius
555 3323 633 3406 lapis
655 3325 865 3397 benedicatur,
886 3325 1016 3407 ligneam

101 3403 232 3464 Crucem
253 3402 285 3462 in
305 3402 373 3464 loco
393 3402 444 3462 ubi
465 3402 556 3464 debet
576 3425 642 3467 esse
659 3404 776 3474 Altare,
792 3403 867 3499 figat
887 3405 955 3487 ipse
968 3406 1014 3467 vel

99 3483 177 3549 nlius
199 3483 358 3546 sacerdos.
399 3484 547 3566 Sequenti
559 3484 632 3547 verd
654 3484 703 3546 die
724 3484 801 3567 lapis
816 3506 848 3547 m
866 3485 1013 3550 Ecclesia
