2234 4006
177 271 218 324 44
385 283 425 347 ps
446 280 642 323 sacrararum
663 277 886 321 cucurreram.
972 304 976 313 .

178 424 349 493 intervalla,
364 429 395 484 et
415 422 604 483 devotionem
614 421 793 497 ostendant,
808 420 881 480 dum
899 416 933 479 in
948 439 984 482 eo
1005 425 1076 481 statu

178 511 312 574 manent,
327 503 352 564 si
366 505 484 564 nullum
498 498 687 583 indignitatis
700 501 868 582 periculum
883 500 977 562 adsit.
1003 526 1006 532 ·

218 587 267 645 Ita
281 586 381 653 etiam,
396 584 433 644 iis
448 583 499 663 qui
515 591 636 663 propter
650 582 744 642 etatis
757 580 1000 642 imbecillitatem
1012 599 1076 640 non·

179 665 248 725 dum
263 664 351 744 hujus
366 663 552 725 sacramenti
572 663 772 744 cognitionem
787 668 818 722 et
830 668 955 742 gustum
968 662 1075 729 habeut,

178 745 380 805 administrari
400 746 459 805 uon
473 745 573 804 debet.

436 992 820 1009 mmmmm

155 1144 159 1151 “
238 1179 350 1240 onuo
377 1149 678 1240 mrursrnunnr
707 1175 885 1237 sacuam
920 1174 1026 1235 oou-
1112 1203 1115 1254 3

505 1283 759 1345 momorum.

240 1444 433 1504 ACERDOS
453 1443 546 1524 igitur
560 1442 778 1504 sanctissimam
795 1439 1016 1511 Eucharistiam
1029 1437 1075 1497 mi·

259 1525 451 1592 nistraturus,
480 1524 608 1594 Hostiis,
637 1544 687 1584 seu
716 1523 873 1604 particulis
902 1542 958 1602 pro
985 1517 1077 1602 populi
1113 1522 1115 1527 ’

177 1604 372 1665 multitudine
387 1605 579 1674 consecratis,
592 1605 775 1683 vasculoque
790 1624 860 1672 uno,
872 1603 922 1662 vel
937 1601 1074 1682 pluribus,
1114 1624 1115 1631 ¹

177 1685 299 1746 decenti
313 1691 345 1745 et
366 1685 520 1744 commodo
534 1685 601 1745 loco
615 1685 770 1765 expositis,
786 1704 854 1744 cum
870 1683 940 1743 vino
955 1688 987 1743 et
1008 1700 1076 1760 aqua

177 1766 216 1826 ad
236 1764 472 1847 purificationem
488 1786 589 1825 eorum
604 1765 657 1844 qui
678 1762 926 1851 Cornmunionem
950 1780 1075 1842 sumpse·
1106 1784 1109 1865 Ι

177 1847 249 1916 riut,
271 1853 303 1908 et
326 1854 396 1907 ante
421 1866 471 1906 eos
497 1846 590 1909 linteo
613 1847 723 1905 mundo
749 1853 885 1915 extenso,
906 1843 980 1904 lotis
1004 1839 1076 1923 priis
1107 1888 1109 1907 ,

73 1980 82 1997 ,
176 1928 323 1996 manibus,
347 1932 377 1986 et
399 1927 618 2008 superpelliceo
639 1926 775 1995 indutus,
798 1946 832 1986 ac
855 1925 987 2005 desuper
1009 1922 1076 1983 stola

177 2007 287 2067 coloris
315 2006 420 2067 Officio
448 2007 531 2067 illius
559 2007 620 2069 diei
648 2006 866 2074 convenientis⁸
895 2004 1076 2087 praecedeutc

177 2086 298 2145 Clerico
318 2106 370 2144 seu
389 2087 447 2145 alio
461 2087 609 2158 ministro,
625 2087 762 2167 procedit
775 2087 812 2145 ad
834 2087 931 2146 altare
949 2085 1076 2145 manibus

171 2165 298 2244 junctis,
312 2172 343 2224 et
356 2166 492 2225 accensis
503 2167 616 2237 cereis3
638 2167 719 2227 facta
732 2166 813 2246 prius
825 2166 978 2247 etposted
990 2183 1076 2246 geuu-

176 2244 315 2312 flexione,
337 2244 466 2305 extrahit
486 2246 638 2327 pyxidem,
660 2254 692 2307 et
713 2247 797 2307 illam
818 2267 908 2326 super
931 2244 1077 2326 corporale

175 2324 341 2404 depositam
362 2324 568 2406 discooperit:
595 2327 737 2387 Minister
761 2328 886 2408 genibus
908 2326 1009 2396 flexis,
1030 2345 1075 2384 no·

175 2404 255 2464 minc
279 2404 383 2543 populi
406 2404 445 2464 ad
469 2425 562 2465 cornu
587 2407 731 2489 Epistolae
754 2408 829 2468 facit
853 2407 1075 2469 Confessioucu

175 2505 284 2564 genera
298 2505 356 2555 em,
376 2484 499 2545 dicens:
525 2487 671 2566 Confiteor
692 2487 765 2558 Deo,
781 2492 834 2549 ete.
873 2488 956 2549 Tum
978 2488 1075 2547 Sacer·

175 2566 229 2627 dos
243 2564 350 2626 iterum
364 2564 552 2646 genuflectit,
562 2574 598 2627 et
612 2568 748 2628 manibus
761 2568 878 2648 junctis
891 2575 964 2632 ante
978 2572 1074 2647 pectus
1113 2618 1115 2625 .

174 2646 266 2707 vertit
278 2667 310 2706 se
321 2646 359 2706 ad
373 2646 516 2727 populum
532 2647 704 2727 (advertens
715 2670 754 2709 ne
769 2657 852 2731 terga
862 2655 963 2711 vertat
977 2649 1073 2709 Sacra·

176 2725 287 2807 mento)
303 2734 335 2789 et
347 2726 378 2787 iu
394 2747 486 2787 cornu
501 2729 659 2809 Evangelii
674 2729 767 2789 dicit:

149 2836 152 2842 '
214 2832 396 2893 Misereatur
423 2836 519 2892 vestrl
552 2828 745 2915 omnipotens
770 2835 865 2903 Deus,
893 2839 926 2896 et
951 2829 1073 2893 dimissis

174 2920 437 3019 peccatisnostris
457 2939 603 3020 perducat
622 2960 675 3000 vos
697 2940 735 2999 ad
755 2939 848 2999 vitam
869 2945 1024 3001 aeternam.
1041 2914 1070 3001 ll·

175 3045 285 3103 Amen.
305 3041 350 3101 Et
370 3040 470 3101 addit-r
492 3045 727 3126 indulgentiam,
748 3044 981 3116 absolutionem,
999 3049 1032 3122 ᾖ
1047 3046 1070 3101 ct

174 3145 379 3208 remissionem
398 3155 590 3226 peccatorum
604 3157 772 3212 vestrorum
794 3150 909 3217 tribuat
921 3149 1006 3213 vobis
1020 3165 1068 3210 om·

174 3251 313 3332 nipotens
330 3258 362 3312 et
382 3252 551 3314 misericors
572 3255 729 3318 Dominus.
750 3252 790 3332 Βὶ.
810 3258 921 3317 Amen.
963 3256 1069 3317 Diem

101 3444 103 3448 Ι
175 3356 410 3451 Indulgentiam,
436 3363 495 3418 etc.
516 3379 605 3421 mona
629 3361 750 3424 decrero
772 3360 952 3444 informem
980 3352 1072 3423 Onesi!

173 3463 273 3542 agnae
293 3462 559 3526 communicandos.
