2234 4006
236 275 278 319 on
297 274 498 321 moranum>
517 274 672 317 axa-amsa
693 274 868 318 oucmouss.
969 263 1009 320 ⁵7

92 419 157 479 lam
177 416 265 498 panis
278 417 317 477 ad
338 416 541 498 detergendos
554 415 676 497 digitos,
692 422 723 478 et
741 436 851 496 aquam
865 417 904 477 ad
924 416 1011 479 ablu·

92 497 190 559 endas
205 497 379 559 Sacerdotis
394 516 520 570 manus;
540 512 658 558 ceream
672 497 744 559 item
760 498 930 569 caudelam,
945 517 1011 578 qna

90 578 205 643 deinde
218 598 348 640 accensa
361 578 420 660 ipsi
434 574 560 659 ungenti
574 578 677 638 lumen
692 580 836 660 praebeat.
871 577 1012 658 Denique

83 678 215 741 operam
240 658 326 720 dabit
348 666 384 719 ut
403 665 523 739 ⁴quanta
545 658 661 747 poterit
682 658 832 721 munditia
854 680 889 719 ac
914 659 1012 720 nitore

91 738 149 802 hoc
170 741 401 801 Sacramentum
415 739 614 800 ministretur.

133 819 257 883 Deinde
271 820 444 881 convocatis
460 819 590 881 clericis
602 839 655 881 seu
669 818 827 890 ministris,
839 819 889 879 vel
905 819 1013 880 saltem
1036 848 1041 857 =

92 920 155 961 uno
170 899 304 971 Clerico,
320 900 373 980 qui
394 899 526 962 Crucem
540 900 606 960 sine
619 901 716 970 hasta,
732 900 853 981 Aquam
866 898 1011 962 benedic·

93 987 156 1042 tam
172 1000 242 1041 cum
256 981 436 1063 aspersorio,
452 987 485 1042 et
503 980 614 1042 librum
633 981 786 1041 Ritualem
804 981 933 1051 deferat,
947 979 1013 1062 ipse

93 1060 250 1137 Parochus
269 1061 414 1122 decenter
435 1061 547 1142 accipit
563 1082 617 1123 vas
638 1061 717 1123 sacri
737 1061 806 1122 Olei
826 1059 1014 1122 infirmorum

95 1143 220 1203 sacculo
232 1141 330 1203 serico
338 1141 467 1203 violacei
479 1143 589 1203 coloris
601 1143 764 1212 inclusum,
775 1141 915 1222 illudque
927 1141 1015 1202 caut&

94 1221 262 1293 desertae
283 1222 398 1283 effundi
418 1222 525 1304 possit.
566 1221 694 1296 Quodsi
716 1222 836 1303 longius
849 1222 909 1282 iter
928 1241 1014 1303 pera·

93 1302 239 1396 gendmm
262 1309 315 1367 aut
340 1303 431 1398 etiam
454 1304 652 1396 equitandum
677 1301 728 1372 sit,
751 1303 801 1363 vel
831 1302 909 1363 alias
934 1300 1016 1396 adsit

93 1383 1015 1546 tttllttlttttttrltltttltttltttt.

95 1543 213 1606 modibs
239 1552 275 1615 et,
297 1544 433 1609 sacurids
459 1546 604 1627 perferat.
644 1545 796 1608 Procedat
821 1542 925 1606 autem
950 1544 1015 1605 sine

94 1625 198 1686 sonitu
220 1626 415 1707 campanula.
1030 1688 1035 1695 ,

139 1703 221 1766 Cam
229 1709 405 1785 peruentum
415 1706 517 1788 faerit
530 1706 572 1765 ud
587 1705 693 1775 locam,
705 1707 760 1766 abi
771 1706 855 1787 jacet
867 1705 1016 1785 infirmus,

98 1785 243 1847 Sacerdos
268 1787 388 1847 intrans
412 1785 576 1847 cubiculum
601 1785 693 1846 dicit:
721 1787 786 1847 Pax
808 1785 878 1846 huic
904 1782 1017 1844 domui.

95 1856 135 1940 ἢ.
155 1867 199 1934 Et
212 1866 351 1925 omnibus
367 1865 573 1926 habitantibus
586 1865 619 1924 in
633 1884 680 1924 ea.

135 1943 260 2007 Deinde
281 1945 418 2027 deposito
439 1945 515 2006 Cleo
530 1964 621 2026 super
635 1962 780 2014 mensam,
796 1939 1016 2024 superpelliceo

98 2024 239 2105 stolaque
252 2025 389 2097 violacea
402 2024 540 2095 indutus,
555 2029 665 2106 agroto
681 2023 812 2084 Crucem
825 2022 875 2105 pis
889 2023 1016 2084 deoscu-

98 2104 222 2166 landam
248 2105 394 2188 porrigit:
419 2125 489 2166 mox
509 2105 542 2165 in
566 2105 689 2165 modum
713 2103 812 2165 crucis
835 2123 905 2164 eum
924 2103 1017 2183 Aqua

97 2185 272 2256 benedicta,
297 2193 330 2247 et
357 2185 531 2247 cubiculum
555 2191 588 2247 et
615 2185 848 2247 circumstantes
873 2183 1017 2266 aspergit,

98 2264 206 2327 dicans
227 2266 432 2349 Antiphonam
454 2266 612 2346 Amorgos,
634 2273 687 2326 etc.
728 2264 819 2340 Qudd
840 2265 867 2325 si
888 2272 1018 2345 egrotus

97 2346 230 2407 voluerit
250 2346 401 2418 confiteri,
415 2345 520 2407 audiat
542 2346 640 2417 illum,
656 2353 688 2407 et
708 2346 854 2407 absolvat.
895 2344 1017 2407 Deinde

98 2426 157 2508 piis
171 2427 273 2488 verbis
292 2427 382 2488 illum
403 2427 587 2498 consoletur,
606 2432 638 2488 ot
660 2427 698 2488 de
719 2427 808 2507 hujus
829 2422 1018 2487 Sacramenti

97 2508 128 2567 vi
141 2512 238 2588 atque
253 2506 398 2579 efficacia,
414 2508 440 2568 si
454 2514 573 2588 tempus
590 2507 679 2577 terat,
694 2507 826 2569 breviter
839 2506 1019 2576 admoneat;

98 2594 130 2648 et
151 2587 300 2669 quantiam
315 2601 396 2671 opus
417 2587 466 2658 sit,
490 2589 555 2668 ejus
581 2587 715 2649 animum
738 2586 907 2656 confirmet,
930 2591 962 2646 et
983 2584 1016 2644 in

100 2678 185 2750 spem
199 2669 297 2750 erigat
310 2671 384 2731 vitae
399 2675 528 2731 aeternae.

136 2770 253 2830 Postea
278 2768 359 2831 dicat
383 2769 576 2831 uersiculum:
602 2767 799 2848 Adjutorium
823 2771 960 2827 nostrum
983 2765 1016 2827 in

102 2874 223 2937 nomine
250 2874 384 2936 Domini.
432 2863 472 2954 132.
505 2873 566 2948 Qui
587 2873 671 2939 ,lecit
699 2873 810 2933 coelum
837 2879 869 2934 et
896 2878 1016 2934 terram.

103 2964 141 3042 ll.
162 2980 314 3043 Dominus
334 2979 501 3042 vobiscum.
521 2965 560 3053 B)
581 2979 623 3043 ut
646 2999 714 3040 cum
736 2977 843 3060 spiritu
862 2984 926 3040 tuo.

501 3143 626 3185 OREMUS.

170 3264 361 3334 Tlsolsas,
387 3261 516 3323 Domine
540 3263 615 3323 Jesu
640 3261 773 3333 Christe,
797 3263 918 3323 domum
941 3261 1018 3323 hanc

157 3372 214 3432 sub
234 3375 346 3433 nostra
365 3367 547 3431 humilitatis
571 3368 720 3449 ingressu,
743 3373 854 3429 aterna
875 3365 1018 3435 felicitas,

108 3474 213 3545 divina
227 3475 424 3560 prosperitas,
442 3493 549 3536 serena
569 3472 686 3545 latitia,
702 3473 831 3534 charitas
849 3473 1018 3540 fructuosa,

108 3580 218 3646 tauitas
245 3579 444 3663 sempiterna:
479 3577 604 3658 effugiat
630 3597 668 3639 ex
694 3577 751 3638 hoc
782 3576 850 3637 loco
877 3593 1018 3636 accessus
1073 3578 1078 3587 '
