2234 4006
562 40 606 93 ²?

285 271 325 316 on
347 243 547 317 subamaro
568 236 767 337 utrumnam
930 266 988 328 109

106 412 169 485 His
184 415 329 498 expletis,
343 416 369 478 si
388 417 605 480 benedicendae
620 418 683 500 sint
696 418 821 512 nuptie,
835 420 990 484 Perochus

66 494 197 558 Missam
210 510 267 578 pao
280 492 399 581 Sponso
413 505 445 559 et
463 500 592 579 Sponsa,
606 506 642 560 ut
655 500 688 560 in
702 500 825 562 Misnali
839 503 988 575 Romano,

66 578 205 638 celebret
228 578 319 658 juxta
340 598 472 659 sequeus
496 581 672 652 Decretum,
698 582 826 643 servatis
850 583 990 645 omnibus
1087 594 1090 605 '

64 678 134 737 quae
155 658 198 719 ibi
221 660 473 740 praescribuntnr.

214 854 223 871 ·
335 898 338 902 .
374 826 481 906 paors
500 856 548 906 nr
570 852 680 907 onnus.

63 1006 86 1032 '⁸
176 993 276 1060 UUM
304 1018 342 1063 ex
393 1002 576 1085 eculiaribus
603 1000 704 1065 dubiis
732 1018 770 1063 ex
797 1009 883 1084 parte
911 1023 987 1069 non-

65 1087 86 1114 “
196 1081 349 1142 nullorum
367 1024 588 1152 ¹lberochorum,
611 1102 664 1144 seu
689 1083 828 1154 aliorum,
849 1085 888 1146 ad
910 1085 993 1166 pre?

66 1165 282 1241 “scriptarum
317 1163 349 1222 in
387 1163 527 1223 rubricis
555 1163 729 1244 regularum
767 1166 994 1235 observantiam·

10 1264 12 1269 ·
64 1249 84 1274 “
97 1242 322 1323 deputatorum,
337 1243 407 1303 Sao.
421 1244 548 1304 Rituum
568 1243 806 1324 'Congregetioni
824 1247 987 1327 propositis

44 1325 46 1330 '
65 1331 84 1356 “
98 1329 286 1404 compertum
300 1324 402 1393 ¹tuerit
416 1328 483 1382 non'
499 1324 597 1382 levem
618 1321 730 1395 alicubi
743 1327 906 1386 ‘subortam
920 1348 987 1398 esse
1098 1372 1101 1377 -

10 1460 13 1467 ,
64 1402 317 1463 “dubitationem
343 1411 375 1463 et
403 1403 639 1467 controversiam
665 1405 988 1488 superintelligentia
1062 1432 1069 1446 ·

10 1488 13 1495 '
65 1483 250 1564 “generalis
265 1483 349 1543 illius
364 1485 507 1544 Rubricae
519 1505 586 1563 quae
600 1485 631 1544 in
646 1485 768 1546 Missali
782 1487 919 1548 Romano
933 1490 987 1549 ad·

20 1628 32 1633 ,
65 1574 84 1597 “
97 1565 214 1643 scripta
235 1563 347 1645 legitur
362 1575 433 1625 anto
448 1565 576 1625 Missam
593 1584 650 1644 pro
664 1567 787 1644 ¹Sponao
809 1571 836 1626 et
860 1568 986 1647 Sponsa,

65 1653 82 1678 “
94 1644 257 1704 videlicet:
286 1642 373 1716 and
386 1645 414 1703 si
426 1645 589 1704 benedictio
604 1647 776 1724 nuptiarum
793 1647 934 1724 facienda
947 1650 988 1708 ait

14 1724 25 1735 ’
63 1713 986 1885 rtemerariamalnae

677 1846 682 1860 ,
725 1851 733 1876 ,
794 1849 802 1865 .
973 1843 985 1852 -

64 1894 79 1920 “
93 1886 305 1945 memoratione
316 1885 462 1964 nequeatis
473 1879 578 1944 Missae
594 1904 652 1962 pro
671 1885 781 1962 Sponso
796 1888 824 1943 et
846 1887 984 1964 Sponsa,-

64 1976 80 2000 “
94 1967 168 2026 dnm
184 1965 278 2045 aliqui
294 1964 584 2107 censsnppobricam
606 1965 691 2024 illam
707 1964 807 2025 locum
828 1965 939 2027 habere
953 1967 985 2028 in

63 2056 80 2080 “
93 2045 234 2107 omnibus
249 2045 356 2106 diebus
372 2054 414 2127 q'u
441 2050 482 2105 'us
498 2045 669 2123 celebretur
684 2040 825 2106 Officium
840 2053 871 2108 et
885 2046 985 2109 Missa

62 2128 134 2187 “de
160 2126 240 2186 sesto
265 2126 392 2206 duplici,
414 2126 478 2197 sive
500 2124 632 2204 majoris,
655 2125 719 2186 sive
745 2126 872 2189 minoris
896 2128 984 2199 ritus,

61 2217 78 2265 ‘.‘
92 2206 267 2287 quibusque
295 2206 423 2288 proinde
451 2205 574 2265 minime
607 2205 681 2284 licet
711 2207 881 2287 praemissas
909 2208 984 2270 inibi

58 2288 210 2348 “Missas
221 2287 340 2347 votivas
354 2307 408 2368 pro
424 2287 622 2347 Sacerdotum
634 2287 796 2348 deuotione
811 2288 983 2350 celebrare:

58 2378 77 2402 ‘⁴
91 2368 147 2429 alii
161 2364 234 2428 vero
248 2374 359 2447 putant
380 2367 504 2447 praefata
518 2369 610 2429 verba
632 2363 680 2426 oet
694 2367 754 2427 otio
773 2369 821 2427 die
831 2367 915 2450 festo
936 2370 983 2430 in·

56 2448 263 2528 “telligendo
288 2447 405 2508 tantbm
431 2468 497 2508 esse
521 2449 559 2509 de
583 2447 670 2507 sestis
696 2449 927 2510 solemnioribus
953 2457 984 2510 et

55 2530 213 2590 “festivis
236 2529 276 2588 de
298 2538 460 2630 praecepto.
501 2528 584 2588 Hinc
610 2548 697 2588 saera
717 2527 822 2589 eadem
846 2530 981 2608 Congre-

54 2621 75 2645 “
88 2609 186 2690 gotio,
207 2609 358 2670 referente
384 2608 633 2669 Eminentissimo
660 2619 692 2668 et
715 2608 982 2668 Reverendissimo

54 2701 75 2725 “
89 2691 225 2750 Domino
246 2689 404 2749 Cardinali
426 2689 565 2759 Coruino,
581 2688 734 2768 Episcopo
758 2688 929 2758 Sebinensi,
943 2691 982 2750 ad

54 2782 75 2806 “
90 2769 281 2831 dirimendas
290 2769 485 2852 imposterbm
496 2768 729 2839 controversias,
737 2775 769 2828 et
778 2768 983 2831 dubitationes

53 2850 256 2911 “demedio
274 2851 439 2920 tollendas,
455 2849 596 2931 praesenti
619 2847 754 2928 generali
771 2849 902 2908 Decreto
921 2857 982 2912 sta·

54 2943 75 2966 ‘⁴
89 2931 170 2992 tuit:
205 2930 242 2990 In
258 2931 462 2992 celebratione
476 2929 648 3010 nuptiarum
664 2948 730 3006 quae
751 2927 787 2989 fit
801 2937 887 2990 extra
901 2930 981 2991 diem

54 3023 76 3048 “
90 3012 300 3081 Dominicum‚
310 3013 358 3072 vel
374 3012 467 3072 alium
481 3011 560 3070 diem
576 3008 688 3069 festum
700 3009 738 3068 de
753 3017 915 3091 precepto,
928 3032 980 3073 seu
1071 3051 1075 3058 ·

53 3095 200 3172 “inquo
217 3100 358 3152 occurrat
373 3093 486 3173 duplex
508 3091 612 3172 primae
627 3091 676 3150 vel
699 3088 840 3150 secu'ndae
862 3091 980 3164 classis,
1093 3094 1097 3102 “

53 3184 76 3209 “
90 3173 212 3236 etiamsi
233 3172 289 3233 fiat
309 3171 449 3233 Officium
465 3180 496 3232 et
517 3168 615 3231 Missa
624 3171 668 3247 *de
689 3171 768 3231 festo
789 3172 906 3253 duplici
927 3194 981 3253 per

54 3264 77 3289 ‘⁶
93 3259 230 3324 Annum,
257 3253 321 3314 sive
347 3253 555 3332 majoriane
581 3251 701 3321 minori,
727 3252 888 3313 dicendam
914 3273 980 3314 esse

10 3352 18 3411 ;'
55 3345 76 3370 “
91 3335 223 3408 Missam
239 3354 296 3411 pro
316 3333 427 3412 Sponsa
448 3342 476 3391 et
493 3333 616 3412 Sponsa,
630 3332 662 3393 in
678 3333 740 3393 fine
760 3332 898 3393 Missalis
912 3342 981 3413 post

55 3426 77 3450 “
90 3415 168 3476 alias
182 3414 302 3475 votivas
324 3413 497 3495 specialiter
517 3414 718 3494 assignatam:
739 3413 772 3474 in
787 3414 893 3473 diebus
907 3414 980 3472 verri
1018 3463 1030 3494 ⁸.

56 3494 264 3628 “Domipgcis
292 3496 422 3581 aliisque
447 3495 553 3554 diebus
582 3493 668 3555 festis
693 3494 732 3554 de
755 3500 917 3574 precepto,
942 3512 978 3553 ac
