2234 4006
866 382 1088 689 'ruoz

188 737 583 941 ursinianus·
625 685 1090 914 nouundtffl

369 962 755 983 mmmmm

492 1062 546 1113 DE
578 1062 638 1112 IIS

101 1208 256 1294 QUAE
303 1211 370 1284 IN
415 1211 1016 1289 SACRAMENTORUM
1093 1288 1095 1292 ,

344 1353 780 1472 inninisumnonn

188 1515 502 1578 GENERALITER
535 1518 771 1579 SERVANDA
805 1518 932 1581 SUNT.
969 1596 985 1611 ,

99 1756 847 1908 UTea,quaeexuntiquisCatholicaeEcclesiae
855 1757 1015 1828 institutis,
1104 1792 1113 1803 -

190 1845 222 1898 et
236 1859 389 1901 sacrorum
400 1841 558 1902 Canonum
568 1840 818 1918 summorumque
834 1837 1015 1898 Pontificum

101 1918 255 1990 Decretis,
270 1920 308 1980 de
321 1921 584 1982 sacramentorum
596 1917 703 1978 ritibus
713 1938 748 1979 ac
759 1918 945 1979 ceremoniis
956 1919 1014 1980 hoc

101 1996 195 2058 Libro
207 2001 456 2092 praescribnntur,
466 2019 527 2079 qua
555 2019 589 2060 ar
597 2005 645 2059 est
655 1997 813 2080 diligentia
821 2020 856 2061 ac
869 1999 1014 2080 religione

100 2079 322 2153 custodiantur,
337 2089 368 2144 et
377 2079 522 2162 ubiquefi
545 2079 634 2141 eliter
647 2086 806 2141 serventur·
815 2100 825 2152 ;
844 2079 923 2140 illud
942 2088 1013 2141 ante

98 2162 200 2220 omnia
215 2160 292 2222 scire
312 2169 344 2224 et
363 2166 523 2224 observare
543 2161 695 2233 convenit,
712 2161 793 2240 quod
814 2162 1015 2223 Sacrosancta

98 2239 284 2303 Tridentino
305 2244 456 2324 Synodus,
478 2242 560 2303 Sess.
582 2248 611 2304 7.
632 2261 700 2305 can.
716 2247 765 2312 13,
787 2242 826 2303 de
846 2241 884 2302 iis
904 2241 1012 2303 ritibus

98 2320 238 2383 decrevit
252 2322 283 2381 in
297 2323 362 2384 haec
377 2325 487 2386 verba:

142 2400 179 2460 si
204 2403 273 2480 quia
300 2404 412 2464 dixerit
443 2405 571 2482 receptos
598 2408 626 2461 et
659 2402 835 2481 approbatos
868 2399 1013 2461 Ecclesia

101 2479 268 2543 Catholicae
288 2484 378 2555 ritus,
394 2485 426 2544 in
442 2481 568 2543 solemni
590 2481 847 2542 Sacrameatorum
865 2481 1012 2541 adminis-

98 2563 232 2622 tratione
259 2564 394 2624 adhiberi
419 2567 580 2632 consuetos,
608 2571 660 2622 out
686 2561 839 2631 contemni,
868 2563 927 2643 aut*
949 2562 1013 2620 sine

90 2639 215 2720 peccato
229 2644 250 2701 ᾰ
263 2644 410 2704 ministrat
443 2662 475 2703 ro
490 2642 575 2703 libito
589 2641 693 2711 omitti,
707 2649 760 2701 aut
772 2640 806 2700 in
825 2658 916 2700 nouos
936 2640 1011 2700 alios

90 2742 149 2801 per
162 2732 379 2804 quemcumque
424 2724 600 2784 eclesiarum
620 2723 770 2781 Pastorem
783 2720 893 2781 mutari
908 2738 1008 2800 posse,

97 2804 255 2863 anathema
269 2805 319 2863 sit.
514 2828 518 2834 ’
951 2818 953 2824 ·

138 2883 216 2942 Cium
244 2884 254 2943 i
276 2884 336 2944 'tur
363 2883 396 2943 in
423 2879 568 2944 Ecclesia?
597 2880 656 2942 Dei
682 2880 762 2945 ‚nihil
788 2880 923 2941 sanctius
958 2887 1010 2942 aut

95 2962 215 3034 utilius,
230 2905 367 3044 nddilque
387 2963 589 3024 excellentius
599 2968 653 3025 aut
666 2962 760 3043 magis
771 2960 909 3021 divinum
919 2961 1009 3022 habe-

95 3051 176 3115 atur,
191 3049 285 3125 quam
301 3047 495 3107 Sacramenta
508 3044 546 3104 ad
560 3042 683 3104 humani
703 3041 822 3124 generis
840 3042 968 3102 salutem
991 3045 1011 3100 a

95 3124 221 3186 Christo
242 3126 372 3187 Domino
386 3124 527 3203 instituta
536 3144 545 3196 3
565 3123 730 3194 Perochus,
745 3123 794 3183 vel
815 3122 916 3203 quivis
930 3121 1008 3183 alius

96 3206 258 3276 Sacerdos,
287 3207 324 3267 ad
359 3225 450 3286 quem
478 3223 581 3265 eorum
610 3202 831 3265 administratio
853 3202 1008 3284 pertinet,

95 3287 270 3348 meminisse
286 3287 318 3347 in
337 3285 443 3366 primis
457 3285 558 3357 debet,
573 3290 607 3346 se
626 3284 735 3345 sancta
745 3290 896 3355 tractare3
916 3290 1009 3362 atque

96 3367 177 3428 omni
191 3367 257 3428 ferd
269 3367 414 3449 temporis
428 3373 578 3427 momento
592 3366 631 3426 ud
651 3371 713 3426 tam
735 3370 847 3429 sanctu
861 3363 1006 3428 adminis-

96 3449 237 3511 trationis
251 3445 533 3529 officium·paratum
548 3467 614 3510 esse
628 3451 776 3528 oportere.
846 3502 848 3507 .
907 3527 911 3535 ἱ

257 3582 293 3638 1*

596 3698 713 3788 suu
